1650 2826
119 188 252 235 s¹v.3
558 165 892 217 ACTUS
959 166 1020 216 V.
1210 123 1218 130 ¹
1324 179 1423 235 593

135 278 434 350 Quaesivisse
462 276 609 342 ajunt.

417 367 1141 407 LAMPADISCUS.

560 440 715 497 Here,
744 438 876 485 unde
904 439 972 485 is?

544 542 583 574 D
616 540 646 573 Ε
683 541 727 574 Μ
759 540 781 573 1
818 540 845 572 P
882 539 918 573 Η
954 540 1003 573 0.

939 611 1014 657 Ex
1040 620 1219 657 senatu.

415 704 1127 741 LAMPADISCUS.

1213 760 1418 815 Gaudeo

138 838 252 891 Tibi
273 855 378 886 mea
405 855 546 900 opera
569 839 828 886 liberorum
854 853 947 884 esse
969 836 1183 898 amplius.

499 932 1011 975 ‘DEMIPHQ

763 1076 766 1077 ⁷
909 1015 1102 1060 Etenim
1124 1027 1227 1059 non
1248 1014 1417 1074 placet.

134 1090 269 1138 Nihil
296 1107 457 1138 moror
498 1090 646 1135 aliena
689 1089 810 1134 mihi
840 1104 982 1148 opera
1009 1086 1109 1133 fieri
1129 1086 1273 1148 plmis
1300 1086 1421 1132 libe-

134 1232 228 1280 Sed
264 1231 384 1294 quid
394 1179 525 1277 Ϊίζῑὸυε
552 1241 619 1276 est
635 1230 658 1275 ?

428 1327 1141 1365 LAMPADISCUS.

355 1410 558 1470 Propera
585 1407 651 1452 ire
677 1407 803 1451 intro
829 1406 925 1451 huc
950 1404 1011 1450 ad
1033 1406 1220 1450 affinem
1242 1415 1384 1452 tuum
1404 1423 1417 1452 ε

135 1478 304 1530 Filiam
332 1491 467 1527 tuam
490 1482 591 1544 jam
617 1494 877 1543 cognosces,
930 1478 1055 1524 intus
1086 1478 1268 1524 ibidem
1296 1495 1419 1526 uxor

388 1566 470 1599 tua
492 1564 571 1599 est.

135 1625 231 1693 Abi
262 1626 370 1671 cito.
406 1679 411 1683 ¹

98 1697 108 1701 ’
547 1718 583 1751 1)
618 1719 647 1751 E
683 1718 727 1752 M
761 1719 781 1751 1
814 1717 844 1751 P
880 1718 914 1751 H
949 1718 996 1750 0.

202 1794 206 1796 ’
267 1794 505 1841 Praevorti
522 1795 614 1839 hoc
633 1805 815 1840 certum
830 1795 884 1839 ’st
904 1794 1044 1839 rebus
1062 1791 1157 1838 aliis
1175 1792 1411 1839 omnibus.

475 1954 1079 2001 CATERVA.

136 2040 272 2153 NE
310 2104 607 2164 exspectetiS,
641 2115 916 2164 spectatores
933 2139 945 2161 ,
980 2104 1100 2149 dum
1126 2101 1194 2147 illi
1219 2102 1314 2148 huc
1347 2102 1410 2149 ad

392 2192 477 2221 vos
501 2188 682 2221 exeant.

135 2248 293 2294 Nemo
319 2249 498 2294 exibit:
530 2266 693 2295 omnes
719 2250 845 2294 intus
871 2248 1123 2294 conficient
1146 2249 1408 2312 negotium.

136 2318 233 2366 Ubi
267 2321 319 2365 id
358 2321 444 2366 erit
478 2320 656 2383 factum
674 2356 689 2380 ,
721 2333 994 2368 ornamenta
1027 2333 1225 2383 ponent.
1259 2321 1409 2382 posti-

388 2391 475 2436 dea
504 2390 626 2448 loci,

207 2460 295 2516 Vol.
324 2469 387 2515 ΙΠ
1117 2470 1155 2516 Ρ
1173 2485 1210 2534 p
