1650 2826
1320 200 1413 247 203

304 452 1245 530 PROLOGUS.

348 649 520 687 LAR
586 646 1216 683 FAMILIARIS.

130 764 234 878 N
237 840 269 874 E
300 829 407 891 quis
440 828 638 874 miretur
670 827 757 889 qui
782 827 897 885 sim,
926 828 1087 890 paucis
1116 829 1328 890 eloquar.

130 903 236 968 Ego
269 902 360 949 Lar
388 912 496 949 sum
526 901 802 958 Familiaris,
835 917 897 947 ex
919 902 1007 948 hac
1035 901 1211 948 familia
1227 936 1244 960 ,

133 974 273 1020 Unde
300 985 559 1021 exeuntem
579 989 659 1020 me
689 973 939 1036 aspexistis.
973 973 1096 1020 hanc
1123 973 1331 1020 domum

130 1047 238 1107 Jam
263 1049 441 1095 multos
468 1062 617 1093 annos
646 1058 713 1093 est
738 1063 893 1108 quom
919 1047 1137 1109 possideo
1154 1081 1168 1104 ,
1190 1057 1238 1092 et
1264 1048 1374 1093 colo

134 1121 357 1182 Patrique
370 1152 386 1178 ‚-
408 1138 597 1182 avoque
608 1122 709 1186 jam
726 1121 869 1185 hujus
881 1155 895 1178 ‚
910 1121 998 1183 qui
1015 1136 1147 1168 nunc
1165 1120 1242 1166 hic
1256 1120 1420 1169 habet:

136 1193 232 1240 Sed
252 1194 371 1238 mihi
406 1211 517 1239 avos
545 1195 687 1258 hujus
711 1194 952 1242 obsecrans
975 1194 1271 1241 concredidit

135 1268 445 1330 Thesaurum¹
463 1266 564 1310 auri
591 1267 713 1311 clam
741 1267 925 1312 omnis:
957 1267 1007 1311 in
1034 1266 1196 1312 medio
1220 1266 1332 1313 foco

137 1339 364 1396 Defodit‚
404 1351 629 1384 venerans
656 1355 765 1395 me,
792 1349 848 1384 ut
870 1339 921 1383 id
945 1356 1173 1385 servarem
1204 1341 1306 1386 sibi.

138 1413 183 1458 Is
208 1411 440 1474 quoniam
469 1411 701 1468 moritur,
730 1412 794 1457 ita
822 1412 963 1458 avido
984 1412 1176 1476 ingenio
1206 1413 1325 1471 fuit,

139 1486 424 1546 Numquam
453 1485 659 1534 indicare
679 1485 732 1530 id
753 1485 851 1531 filio
872 1486 1036 1531 voluit·
1054 1502 1164 1531 suo:

139 1558 445 1618 Inopemque
479 1557 661 1618 optavit
686 1558 850 1620 potius
872 1574 986 1603 eum
1008 1558 1275 1618 relinquere
1289 1591 1306 1614 ‚

141 1630 305 1698 Quam
336 1644 450 1673 eum
476 1629 749 1674 thesaurum
778 1639 1149 1675 conmonstraret
1179 1629 1293 1674 filio.

141 1701 255 1765 Agri
292 1699 487 1761 reliquit
510 1700 569 1744 eii
598 1716 699 1746 non
724 1717 956 1765 magnum
984 1702 1213 1758 modum,

143 1774 260 1842 Quo
285 1788 397 1818 cum
421 1771 581 1818 labore
603 1789 805 1837 magno,
828 1785 875 1819 et
900 1774 1067 1820 misere
1089 1774 1282 1820 viveret.

1396 1319 1416 1327 ᾳ

41 1839 81 1893 ι’
144 1846 240 1892 Ubi
258 1845 294 1890 is
314 1845 434 1892 obiit
450 1858 657 1893 mortem
669 1882 684 1903 ‚
699 1847 786 1908 qui
800 1847 919 1893 mihi
934 1847 985 1892 id
1004 1865 1175 1894 aurum
1200 1847 1423 1905 credidit,

146 1920 299 1981 Coepi
332 1920 601 1979 observare,
633 1923 775 1983 ecqui
804 1925 1034 1987 majorem
1063 1924 1185 1970 filius

145 1993 267 2041 Mihi
281 1993 516 2039 honorem
529 1994 739 2051 haberet,
753 2012 899 2056 quam
919 1997 1015 2060 ejus
1027 1996 1262 2042 habuisset
1277 2006 1423 2056 pater.

145 2065 309 2127 Atque
333 2066 412 2112 ille
443 2083 557 2113 vero
585 2068 742 2112 minus
763 2067 1019 2127 minusque
1041 2067 1271 2128 inpendio

122 2153 124 2155 ·
148 2139 349 2196 Curare,
376 2139 634 2200 minusque
661 2156 740 2184 me
763 2139 983 2201 inpartire
1005 2139 1278 2186 honoribus.

147 2213 274 2261 Item
306 2230 334 2259 a
366 2229 446 2259 me
477 2224 640 2260 contra
669 2213 852 2279 factunr
876 2215 931 2259 ’st
954 2233 964 2260 :
999 2231 1113 2261 nam
1148 2212 1267 2262 item
1302 2215 1422 2262 obiit

401 2284 542 2329 diem.
1031 2286 1034 2289 ’

21 2344 29 2380 ·’
104 2380 109 2385 ·
150 2353 195 2402 Is
226 2342 287 2403 ex
313 2371 360 2403 se
396 2356 527 2401 hunc
559 2356 779 2419 reliquit,
812 2359 899 2421 qui
930 2359 1009 2407 hic
1042 2375 1174 2408 nunc
1207 2361 1388 2408 habitat
1405 2395 1421 2418 ‚

348 2464 370 2481 ⁷„
402 2427 556 2476 filium
