1650 2826
106 178 229 210 v.91
395 156 664 207 ACTUS
708 154 804 203 IV.
844 155 946 203 SC.
997 156 1131 204 VII.
1285 174 1379 221 349

110 270 216 316 Scio
245 285 325 314 me
347 284 440 313 esse
463 282 663 312 servom.
694 247 850 310 nescid
879 264 1022 310 etiam
1043 263 1094 315 id
1112 265 1247 326 quod
1274 266 1382 312 scio.

110 345 252 389 Nunc
272 343 331 388 ab
354 354 600 396 transenna
626 339 702 384 hic
727 338 895 384 turdus
919 337 1209 384 lumbricum
1237 341 1382 401 petit:

101 414 344 470 'Pendebit
370 413 516 461 hodie
543 412 765 474 pulchre,
793 411 856 458 ita
887 411 1072 465 intendi
1103 423 1253 457 tenus,

439 511 472 558 N
511 509 530 541 1
568 509 594 541 c
634 508 665 540 ο
703 509 731 541 Β
769 507 803 540 U
843 507 873 543 1.
909 506 944 539 U
979 507 1021 544 S.

114 582 255 628 Mane
271 579 388 626 dum
405 588 681 639 parumper:
707 563 807 639 j’am
828 574 890 620 ad
908 586 956 620 te
977 591 1120 633 exeo,
1148 575 1378 639 Chrysale.

462 679 489 711 C
526 678 559 711 H
595 679 627 711 R
664 677 697 709 Y
734 678 756 710 S
794 677 828 709 A
864 677 894 708 L
931 675 965 707 U
1002 675 1040 708 S.

111 749 177 795 Ut
196 747 338 795 verba
359 747 479 792 mihi
507 747 611 792 dat!
637 757 692 791 ut
714 747 871 792 nescio
896 762 1041 806 quam
1063 761 1164 790 rem
1186 756 1311 809 gerat
1330 746 1341 791 !

110 823 272 870 Servos
307 823 486 872 arcessit
519 822 675 878 intus,
711 822 797 881 qui
820 838 899 867 me
924 821 1145 866 vinciant.

111 895 239 940 Bene
261 894 388 940 navis
412 894 611 956 agitatur
626 928 639 949 ,
655 894 852 954 pulchre
869 894 983 938 haec
1001 892 1240 938 confertur
1256 892 1374 939 ratis.

111 968 207 1016 Sed
233 968 555 1015 conticiscam:
584 982 696 1011 nam
724 966 867 1012 audio
894 966 1058 1027 aperiri
1083 966 1207 1011 foris.

466 1104 791 1152 SCENA
864 1106 1025 1151 VII.

236 1237 733 1273 NICOBULUS,
782 1235 1257 1271 CHRYSALUS.

461 1345 1034 1380 NICOBULUS.

113 1416 516 1530 CONSTRINGE
540 1491 595 1526 tu
615 1482 683 1526 illi
699 1517 712 1539 ,
735 1483 947 1540 Artamo,
966 1494 1185 1530 actutum
1198 1501 1382 1531 manus·

462 1575 488 1606 c
526 1575 560 1606 H
600 1577 631 1608 R
669 1576 698 1607 Y
740 1575 762 1608 S
798 1577 832 1609 A
869 1577 900 1608 1.
936 1576 970 1608 U
1008 1576 1045 1609 s.

113 1634 250 1703 Quid
274 1634 364 1680 feci
382 1635 404 1680 ?

465 1729 499 1761 N
536 1729 555 1760 I
593 1729 619 1759 C
658 1727 690 1759 O
728 1728 759 1760 B
792 1727 827 1759 U
863 1729 893 1760 L
934 1727 967 1760 U
1005 1729 1045 1762 S.

452 1804 653 1868 Inpinge
675 1819 895 1868 pugnum
910 1840 922 1862 ‚
942 1805 979 1850 si
995 1805 1271 1851 muttiverit.

114 1871 251 1942 Quid
278 1871 366 1917 hae
391 1874 665 1946 loquuntur¹
683 1875 841 1920 literae
859 1876 881 1919 P

465 1967 491 1999 c
527 1968 561 1999 Η
597 1970 629 2001 R
664 1969 698 2000 Y
735 1969 757 2001 s
794 1970 826 2002 A
864 1971 894 2002 L
929 1970 964 2001 U
996 1971 1040 2020 qs.

710 2030 712 2033 ’
968 2033 1386 2102 Quidmerogas?

78 2163 84 2169 ῃ
115 2105 181 2151 Ut
205 2105 263 2158 ab
284 2105 366 2149 illo
397 2104 583 2164 accepi,
608 2104 667 2148 ad
690 2116 737 2149 te
759 2105 1016 2168 obsignatas
1039 2107 1187 2152 attuli.

465 2205 499 2237 N
534 2205 553 2236 1
592 2206 617 2237 c
657 2206 688 2238 ο
727 2207 754 2238 Β
792 2207 827 2239 U
862 2207 891 2239 L
929 2207 963 2240 U
1001 2208 1037 2240 s.

116 2271 219 2316 Eho
250 2271 333 2316 tu!
365 2272 685 2331 loquitatusne
710 2289 755 2318 es
783 2285 925 2336 gnato
953 2291 1061 2320 meo
1087 2277 1210 2320 male

118 2343 203 2387 Per
230 2360 496 2388 sermonem
512 2379 525 2400 ‚
554 2345 665 2404 quia
691 2346 810 2390 mihi
840 2347 889 2391 id
920 2363 1087 2392 aurum
1113 2347 1355 2394 reddidit?

116 2414 179 2462 Et
203 2426 250 2461 te
276 2416 431 2474 dixisti
450 2417 502 2462 id
524 2434 692 2465 aurum
716 2419 981 2464 ablaturum
1005 2430 1163 2471 tamen
