1650 2826
0 162 13 227 ζ,

135 177 271 222 ἍἺο
431 161 715 211 ACTUS
763 161 865 210 IV.
916 162 1022 210 SC.
1073 163 1151 210 11.
1317 165 1411 228 589

436 277 1145 315 LAMPADIscus.

367 350 450 397 Est
467 349 663 411 quidam
682 349 859 405 homo,
886 347 972 408 qui
1000 347 1127 392 illam
1148 346 1211 392 ait
1230 363 1276 392 se
1301 348 1413 395 sci1e

1101 421 1187 467 ubi
1213 421 1285 467 sit.

561 508 598 541 Η
631 507 666 541 A
699 508 729 540 L
764 508 786 540 1
820 507 844 541 s
882 508 908 540 c
945 506 993 539 A.

148 575 213 622 At
233 578 324 639 pol
344 577 423 624 ille
443 595 469 623 a
492 578 698 639 quadam
720 578 941 635 muliere,
965 577 1002 623 si
1028 593 1132 623 eam
1157 590 1414 639 monstret,

395 661 587 713 granam
613 660 750 695 meat.

438 738 1144 773 LAMPADISCUS.

148 804 212 851 At
233 807 319 854 sibi
341 807 419 854 ille
442 808 638 868 quidam
662 809 765 854 volt
786 808 884 853 dari
908 808 1189 854 mercedem.

559 907 596 940 Η
629 907 665 939 A
697 906 728 939 I·
762 907 784 940 1
821 907 844 939 S
879 908 906 940 C
943 907 992 940 A.

846 973 911 1019 At
937 975 1022 1034 pol
1047 975 1125 1022 illa
1152 976 1414 1035 quaedam,

150 1042 288 1112 Quae
317 1044 446 1090 illam
483 1045 705 1090 cistellam
741 1045 948 1105 perdidit
966 1080 982 1104 ,
1018 1047 1247 1107 quoidam
1277 1061 1417 1113 negat

396 1135 516 1175 esse,
549 1118 686 1178 quod
713 1117 807 1163 det.

435 1207 1145 1244 LAMPADISCUS.

147 1273 212 1320 At
240 1276 367 1321 enim
393 1276 472 1322 ille
499 1276 696 1338 quidam
725 1287 973 1340 argentum
999 1277 1189 1337 expetit.

554 1367 591 1400 H
624 1367 660 1400 A
692 1367 723 1399 L
759 1368 780 1399 1
816 1368 839 1400 S
876 1368 903 1399 C
939 1368 989 1400 A.

522 1436 588 1483 At
606 1437 937 1498 nequidquam
956 1447 1202 1500 argentum
1223 1440 1416 1500 expetit·

428 1528 1147 1561 LAMPADISCUS.

63 1564 69 1569 ·
146 1595 214 1643 At
237 1599 323 1659 pol
348 1598 427 1643 ille
446 1597 669 1659 quidam,
691 1598 862 1643 mulier
877 1632 891 1655 ,
914 1598 967 1642 in
991 1597 1123 1669 11ng
1152 1614 1293 1659 opera
1318 1616 1414 1664 gra-

401 1671 604 1717 tuita’st.

418 1772 1142 1806 PHANOSTRATA.

144 1841 416 1887 Commoda
446 1842 690 1902 loquelam
718 1852 880 1887 tuam:
908 1840 996 1886 tibi
1023 1857 1154 1887 nunc
1184 1841 1408 1903 proderit.

397 1913 680 1958 confitemut
1415 1929 1422 1934 ·

144 1984 385 2032 Cistellam
413 1987 598 2032 habere.

559 2079 594 2111 Η
630 2080 663 2111 A
698 2079 729 2112 1.
766 2081 787 2112 1
824 2080 846 2113 s
882 2081 910 2112 c
947 2079 995 2112 A.

414 2144 480 2191 At
495 2162 579 2193 vos
595 2146 724 2194 Salus
740 2148 953 2194 servassit.
978 2146 1063 2193 ubi
1087 2163 1139 2192 ea
1162 2163 1291 2194 nunc
1310 2158 1375 2194 est
1387 2147 1410 2193 Ξ)

411 2246 1141 2280 PHANOSTRATA.

146 2312 329 2362 Salvam
355 2331 522 2361 eccam.
543 2314 624 2359 sed
647 2331 734 2378 ego
759 2331 859 2361 rem
882 2331 1036 2362 meam
1059 2330 1277 2379 magnam
1298 2330 1408 2360 con-

395 2386 589 2432 fabulaxi
