1650 2826
0 2292 2 2307 h

0 2310 2 2331 J

0 2335 2 2345 ι

0 2399 7 2660 ἱ

129 205 253 248 v.50
366 183 657 234 ACTUS
703 182 943 231 IV.SC.
995 182 1206 240 VIII.·
1310 178 1463 245 35⁷*

130 295 270 365 Quae
294 304 342 341 te
365 292 592 349 solicitet,
616 307 729 339 eum
755 305 849 337 esse
874 305 989 336 cum
1019 290 1098 335 illa
1127 289 1339 347 muliere.

450 390 478 426 c
510 388 541 422 Ι.
578 388 608 423 E
646 387 677 422 ο
716 388 759 422 Μ
796 387 830 421 A
865 388 892 421 c
928 387 962 420 11
996 387 1032 420 u
1071 387 1111 425 s,

128 457 288 504 Immo
306 466 374 502 est
400 470 615 517 quoque.
774 453 784 465 '

485 549 513 582 c
548 548 583 582 Η
619 548 652 580 R
686 546 721 579 Y
758 546 780 579 s
817 546 848 579 A
887 546 918 579 L
955 545 990 579 U
1027 545 1064 579 s.

603 617 674 663 Ita
693 633 771 662 me
786 615 1009 677 Juppiter
1022 650 1035 671 .,
1053 615 1185 673 Juno
1202 650 1215 672 ‚
1237 615 1372 662 Ceres
1389 651 1406 675 ,

129 692 369 747 Minerva,
392 689 573 736 Latona
586 724 600 747 ,
626 688 739 750 Spes
758 723 771 745 ,
800 689 919 750 Opis
933 723 947 746 ‚
971 687 1131 734 Virtus
1146 722 1162 745 ‚
1180 688 1342 735 Venus
1359 723 1375 746 ,

131 765 291 812 Castor
310 798 323 821 ‚
350 764 591 819 Polluces,
619 763 740 808 Mars
754 796 767 819 ‚
797 762 1056 808 Mercurius
1075 789 1094 818 ,·
1117 761 1342 807 Hercules
1357 796 1372 819 ‚

128 836 422 893 Submanus,
442 835 551 894 Sol,
573 835 824 891 Saturnus,
838 835 1019 896 Diique
1038 850 1202 880 omnes
1219 845 1402 880 ament:

127 908 192 956 Ut
218 910 297 955 ille
322 926 434 956 cum
456 909 534 955 illa
559 903 720 971 neque
744 907 888 954 cubat
907 943 920 966 ,
946 924 1106 968 neque
1134 908 1373 964 ambulat,

127 982 299 1044 Neque
330 982 565 1028 osculatur
582 1016 594 1039 ‚
623 997 783 1042 neque
814 981 936 1027 illud
966 980 1103 1042 quod
1133 979 1226 1026 dici
1252 981 1382 1027 solet.

479 1085 513 1117 N
552 1084 570 1116 I
608 1085 634 1116 C
671 1085 703 1117 Ο
741 1083 769 1116 Β
805 1082 839 1116 U
877 1083 907 1117 L
944 1082 979 1115 U
1018 1082 1054 1115 S.

128 1158 193 1204 Ut
215 1143 369 1221 jurat!
395 1165 542 1201 servat
572 1170 650 1198 me
681 1153 759 1199 ille
783 1155 873 1199 suis
895 1155 1119 1218 perjuriis.

465 1257 491 1288 c
528 1256 558 1288 L
593 1255 622 1287 E
661 1256 692 1287 o
729 1256 770 1288 Μ
806 1256 840 1288 A
876 1256 903 1287 c
938 1256 972 1288 Η
1010 1257 1043 1289 u
1079 1257 1117 1290 s.

131 1322 226 1368 Ubi
249 1337 379 1367 nunc
396 1313 712 1366 Mnesilochus
737 1337 845 1385 ergo
871 1322 971 1367 est?

470 1395 1063 1449 CHRY'SALUSJ

986 1487 1083 1534 Rus
1109 1490 1234 1537 misit
1260 1503 1404 1554 pater.

131 1568 218 1613 Illa
246 1577 406 1612 autem
439 1565 488 1610 in
519 1579 672 1610 arcem
686 1561 851 1608 ·abivit
879 1561 1045 1608 aedem
1075 1563 1220 1609 visere

135 1641 388 1686 MInervae.
415 1655 546 1685 nunc
568 1648 725 1700 aperta
752 1647 832 1682 est.
855 1635 902 1692 i,
923 1636 1019 1682 vise
1040 1671 1053 1694 ‚
1082 1648 1212 1684 estne
1237 1638 1318 1684 ibi.

377 1711 1094 1772 'CLEOMACHUS.

132 1806 268 1873 Abeo
298 1806 358 1851 ad
386 1805 545 1853 forum
575 1806 729 1872 igitur.

483 1902 511 1935 C
546 1902 580 1936 H
615 1903 649 1936 R
685 1901 719 1934 Y
755 1901 776 1936 S
813 1901 848 1936 A
882 1903 912 1936 L
948 1901 984 1936 U
1020 1902 1057 1936 S.

649 1967 741 2014 Vel
759 1969 912 2015 hercle
932 1969 983 2015 in
1005 1970 1177 2017 malam
1205 1974 1411 2017 Crucem.

445 2035 1098 2100 CLEOMACHUS.

134 2133 294 2179 Hodie
316 2134 498 2197 exigam
522 2151 691 2191 aurum
708 2133 838 2180 hoc?

496 2226 523 2258 C
559 2227 593 2260 H
627 2229 661 2261 R
696 2227 728 2259 Y
766 2226 788 2259 S
824 2226 859 2259 A
894 2225 924 2258 L
962 2225 997 2259 U
1032 2226 1069 2261 S.

794 2296 941 2360 Exige
958 2331 972 2354 ‚
1001 2313 1053 2343 ac
1080 2299 1310 2362 suspende
1336 2312 1407 2346 te:

138 2367 210 2413 Ne
237 2368 495 2430 supplicaxe
526 2385 709 2414 censeas
728 2403 742 2426 ‚
778 2370 914 2416 nihili
940 2371 1102 2418 homo.

138 2439 225 2486 Ille
249 2452 316 2487 est
343 2455 542 2489 amotus.
572 2443 669 2489 sine
685 2459 792 2501 me,
810 2459 894 2505 per
915 2454 963 2489 te
979 2478 993 2502 ‚
1015 2444 1127 2490 here
1142 2479 1156 2500 ‚
1185 2445 1378 2491 obsecro

1098 2507 1190 2569 23
