1650 2826
242 190 333 241 206
533 185 1174 235 AULULARIA.
1402 208 1521 256 v.13

695 295 1074 344 EU'cho.

238 385 304 431 At
326 394 382 430 ut
408 380 596 429 scelesta
624 383 720 428 sola
751 398 912 429 secum
933 383 1236 429 murmurat!

242 459 428 504 Oculos
450 457 606 502 hercle
626 471 712 520 ego
737 457 846 502 istos
861 491 874 513 ,
895 456 1123 518 inproba,
1148 456 1371 504 effodiam
1389 458 1510 517 tibi,

237 531 312 578 Ne
345 548 424 578 me
448 531 692 577 observare
717 531 860 591 possis
879 565 893 589 ,
924 531 1045 592 quid
1071 547 1231 577 rerum
1260 549 1432 596 geram.

236 605 482 652 Abscede:
510 604 652 653 etiam
678 621 838 651 nunc:
868 605 1010 650 etiam
1039 621 1193 655 nunc:
1223 605 1378 657 etiarn.
1403 605 1520 652 ohe!

180 715 182 717 .
203 701 208 704 -
234 674 349 725 Istic
374 677 569 723 adstato.
605 677 641 722 si
665 677 823 722 hercle
851 687 907 721 tu
935 692 994 721 ex
1016 676 1132 722 istoc
1162 678 1271 723 loco

225 742 458 818 'Digitum
490 762 810 798 transvorsum
838 760 920 795 aut
948 752 1165 814 unguem
1194 752 1349 798 latum
1382 766 1535 799 exces-

491 842 596 871 sens
615 860 629 882 ,

234 900 337 948 Aut
364 900 402 945 si
433 898 635 960 respexis
655 931 668 955 ,
700 896 932 943 donicum
964 911 1054 960 ego
1079 907 1129 942 te
1146 895 1356 960 jussero,

238 971 490 1018 Continuo
509 970 666 1015 hercle
682 986 768 1034 ego
788 981 835 1015 te
856 969 1030 1015 dedam
1054 969 1333 1031 discipulam
1355 971 1495 1017 cruci.

235 1044 563 1092 Scelestiorem
593 1059 673 1088 me
705 1042 792 1089 hac
822 1059 919 1089 anu
944 1054 1068 1089 certe
1092 1042 1187 1088 scio

235 1115 418 1163 Vidisse
456 1130 761 1175 numquam:
799 1114 1039 1181 nimisque
1077 1130 1164 1178 ego
1203 1115 1326 1160 hanc
1359 1125 1527 1162 metuo

492 1187 618 1231 male
637 1221 651 1244 ,

232 1261 307 1307 Ne
337 1260 458 1305 mihi
487 1275 547 1316 ex
578 1257 754 1304 insidiis
783 1258 927 1305 verba
956 1257 1236 1320 inprudenti
1263 1258 1395 1317 duit,

231 1334 342 1379 Neu
374 1330 675 1393 persentiscat
693 1365 707 1387 ,
733 1330 1017 1376 aurum‘ubi
1041 1342 1108 1376 est
1129 1330 1490 1378 absconditum:

231 1407 373 1476 Quae
411 1404 463 1449 in
500 1403 724 1464 occipitio
763 1421 966 1465 quoque
1003 1404 1148 1450 habet
1196 1405 1386 1462 oculos,
1424 1421 1525 1466 pes-

489 1494 635 1524 suma.
671 1505 674 1508 ·

231 1553 377 1598 Nunc
403 1550 486 1596 ibo
508 1560 563 1594 ut
590 1548 738 1594 visam
756 1581 770 1605 ,
798 1560 928 1592 estne
947 1544 1011 1590 ita
1028 1560 1201 1591 aurum
1221 1554 1275 1589 ut
1301 1542 1520 1601 condidi,

229 1625 383 1697 Quod
409 1641 487 1670 me
510 1622 728 1670 sollicitat
759 1619 977 1683 plurimis
1002 1618 1231 1664 miserum
1258 1616 1427 1663 modis.

610 1731 1132 1767 STAPHYLA.

231 1810 330 1855 Nec
364 1823 497 1855 nunc
519 1817 749 1853 mecastor
787 1805 908 1868 quid
943 1805 1057 1854 hero
1092 1820 1179 1867 ego
1208 1803 1363 1856 dicam
1390 1818 1501 1848 meo

233 1883 385 1928 Malae
407 1882 474 1926 rei
499 1880 704 1927 evenisse
720 1914 733 1936 ‚
758 1895 969 1941 quamve
993 1877 1218 1926 insaniam
1234 1912 1248 1935 ‚

234 1955 379 2025 Queo
405 1952 714 2002 conminisci;
739 1952 804 1998 ita
827 1951 1045 1998 miseram
1069 1968 1150 1996 me
1183 1951 1243 2001 ad
1265 1951 1395 2003 hunc
1412 1966 1518 1999 mo-

481 2025 602 2071 dum
1138 2018 1145 2027 ’

226 2101 393 2146 Decies
418 2099 493 2146 die
523 2115 623 2145 uno
647 2114 783 2160 saepe
812 2096 1022 2143 extrudit
1049 2096 1257 2150 aedibus.

226 2172 395 2220 Nescio
432 2174 519 2234 pol
558 2189 683 2234 quae
728 2172 877 2224 illunc
919 2170 1171 2222 hominem
1207 2167 1513 2228 intemperiae

480 2256 678 2295 tenent3

223 2317 472 2381 Pervigilat
499 2330 660 2364 noctes
689 2327 832 2364 totas:
861 2327 968 2362 tum
997 2326 1158 2361 autem
1186 2311 1413 2358 interdius

226 2392 374 2464 Quasi
409 2393 602 2438 claudus
634 2404 764 2438 sutor
793 2392 926 2438 domi
950 2390 1081 2437 sedet
1109 2398 1233 2432 totos
1269 2385 1379 2433 dies.

225 2466 398 2527 Neque
415 2466 517 2531 jam
545 2482 645 2527 q-uo
672 2477 814 2528 pacto
846 2466 997 2512 celem
1026 2461 1180 2509 herilis
1203 2461 1326 2508 filiae
