1650 2826
224 211 318 272 426
549 193 1162 256 CAPTEIVEI.
1375 226 1503 258 mn

222 319 466 382 Equidem
491 329 587 364 tam
609 336 714 364 sum
735 335 887 365 servos
900 353 914 376 ,
935 335 1084 380 quam
1106 329 1187 365 tu:
1211 318 1295 364 etsi
1314 335 1401 384 ego
1421 318 1506 365 do*

476 392 546 438 mi
573 391 691 437 liber
722 391 824 449 fui,

221 468 303 515 Tu
326 483 477 528 usque
501 484 527 512 a
548 482 700 527 puero
725 466 1003 512 servitutem
1022 465 1246 512 servivisti
1262 465 1314 511 in
1333 463 1486 512 Alide.

687 545 1019 603 'HEGIQ

221 639 409 701 Edepol
432 638 631 691 minime
658 637 833 695 miror,
861 638 896 683 si
927 649 975 683 te
1007 637 1203 702 fugitat,
1231 647 1313 684 aut
1344 638 1509 683 oculos

479 724 587 758 tuos
608 746 620 768 ‚

223 786 324 834 Aut
351 787 452 832 site
472 786 577 832 odit
593 820 606 842 ‚
630 785 714 846 qui
736 784 879 830 istum
897 784 1102 846 appelles
1119 782 1404 847 Tyndarum
1418 799 1507 845 pro

477 860 755 906 Philocrate.

601 962 632 994 Τ
668 961 702 993 Y
736 960 770 992 N
806 960 841 992 D
878 957 910 990 A
947 958 981 990 R
1017 956 1053 988 U
1090 956 1127 990 s.

220 1034 406 1097 Hegio,
431 1032 507 1077 hic
538 1032 688 1076 homo
720 1028 926 1074 rabiosus
953 1026 1141 1071 habitus
1168 1036 1235 1072 est
1262 1027 1312 1071 in
1337 1025 1489 1074 Alide.

221 1107 296 1152 Ne
320 1118 374 1152 tu
390 1142 402 1163 ,
426 1104 565 1167 quod
585 1103 684 1148 istic
705 1101 943 1147 fabuletur
957 1133 970 1156 ‚
989 1099 1109 1145 auris
1130 1098 1337 1145 inmittas
1356 1110 1472 1145 tuas.

219 1180 346 1226 Nam
374 1180 475 1225 istic
507 1177 643 1224 hastis
674 1176 924 1222 insectatus
955 1183 1023 1218 est
1059 1172 1194 1218 domi
1223 1184 1426 1218 matrem
1461 1183 1509 1218 et

446 1265 449 1267 ’
510 1264 672 1298 atrem.

222 1327 283 1374 Et
309 1328 403 1373 ilfic
434 1270 508 1372 ἰεῑῗ
524 1361 537 1382 ‚
569 1325 655 1386 qui
682 1332 923 1385 sputatur‚
947 1319 1144 1366 morbus
1163 1317 1410 1366 interdum
1424 1333 1508 1365 ve-

474 1410 560 1444 nlt.

225 1474 368 1521 Proin
392 1486 454 1541 tu¹
470 1474 530 1520 ab
549 1474 666 1521 istoc
687 1472 857 1534 procul
875 1468 1074 1516 recedas.

712 1572 748 1605 H
783 1572 813 1605 Ε
853 1569 885 1603 G
922 1570 942 1602 1
978 1568 1026 1601 o.

903 1638 1039 1684 Ultro
1063 1635 1210 1680 istum
1230 1648 1256 1678 a
1284 1645 1377 1676 me.

436 1709 1283 1774 ARISTOPHoNTES.

1129 1795 1235 1842 Ain’
1253 1829 1266 1851 ,
1283 1793 1509 1848 verbero3

222 1877 305 1926 Me
319 1878 594 1925 rabiosum?
616 1887 761 1936 atque
779 1875 1062 1921 insectatum
1076 1886 1169 1917 esse
1187 1867 1324 1915 hastis
1342 1881 1510 1911 meum

479 1967 712 1997 memoras
737 1947 956 2010 patrem?

224 2029 286 2075 Et
314 2044 427 2073 eum
456 2026 682 2071 morbum
714 2023 834 2069 mihi
861 2037 954 2067 esse
972 2055 986 2078 ‚
1012 2030 1068 2066 ut
1092 2017 1179 2079 qui
1207 2030 1287 2062 me
1312 2030 1431 2076 opus
1451 2011 1508 2058 sit

478 2097 756 2160 insputarier
775 2096 797 2140 ?
822 2147 826 2150 ¹

713 2192 748 2226 H
785 2194 814 2226 E
853 2191 886 2224 G
921 2191 941 2224 1
981 2189 1030 2235 o.

225 2269 298 2315 Ne
316 2286 475 2316 verere
494 2289 503 2314 ι
522 2269 701 2314 multos
724 2266 808 2312 iste
827 2264 1023 2311 morbus
1043 2259 1260 2307 homines
1275 2260 1476 2300 macerat
1488 2282 1504 2308 ‚

225 2340 417 2412 Quibus
439 2340 667 2403 insputari
684 2339 822 2385 saluti
840 2338 944 2384 fuit.

608 2436 639 2469 T
676 2436 710 2469 Y
746 2437 780 2469 N
817 2436 854 2469 D
890 2433 924 2466 A
960 2433 993 2464 R
1029 2429 1063 2462 U
1101 2426 1138 2460 s.

997 2497 1159 2558 Atque
1175 2490 1288 2540 Aliis
1310 2490 1510 2553 profuit.
1556 2535 1566 2546 0
