1650 2826
264 233 359 291 964
523 232 1278 284 CISTELLARIA.
1443 256 1534 287 v.1

651 368 981 416 SCENA
1054 371 1155 417 II.

732 513 1026 568 VKLENA.

266 594 437 705 IDEM
465 658 613 716 mihi,
634 674 832 723 magnae
858 659 995 720 quod
1017 663 1138 724 parti
1162 674 1230 710 est
1248 663 1420 711 vitium
1440 681 1545 712 mu·
1593 704 1596 706 ,

521 732 693 778 lierum
712 766 726 790 ,

273 804 415 874 Quae
442 806 573 851 hunc
603 817 855 867 quaestum
881 805 1074 855 facimus
1095 827 1104 854 :
1136 825 1259 870 quae
1279 809 1365 856 ubi
1387 810 1548 857 sabur-

524 891 647 925 ratae
675 896 837 926 sumus
851 914 865 937 ‚

273 951 584 1015 Largiloquae
623 952 867 1013 extemplo
904 968 1091 998 sumus:
1129 955 1236 1015 plus
1273 957 1548 1018 loquimur,

525 1039 673 1083 quam
696 1033 762 1068 sat
788 1034 867 1068 est.

273 1097 398 1144 Nam
421 1098 560 1142 illanc
584 1113 673 1160 ego
694 1096 810 1142 olim
824 1129 837 1153 ‚
864 1112 986 1156 quae
1010 1074 1123 1143 hinc
1144 1097 1261 1144 flens
1284 1061 1424 1158 abiit,
1447 1115 1549 1162 par-

529 1172 690 1216 volam

271 1244 488 1290 Puellam
509 1244 770 1306 projectam
796 1257 858 1288 ex
885 1242 1138 1306 angiportu
1164 1245 1342 1291 sustuli.

275 1316 563 1362 Adulescens
591 1314 788 1375 quidam
812 1314 889 1359 hic
919 1326 986 1360 est
1016 1315 1228 1376 apprime
1258 1317 1455 1375 nobilis,

278 1387 444 1458 (Quin
471 1403 557 1451 ego
586 1403 718 1432 nunc
736 1420 751 1444 ‚
776 1387 889 1447 quia
914 1403 1021 1432 sum
1044 1398 1213 1435 onusta
1239 1405 1346 1436 mea
1373 1406 1434 1436 ex
1452 1406 1552 1437 sena

528 1459 676 1505 tentia
692 1493 708 1515 ‚

278 1532 505 1602 Quiaque
532 1533 651 1579 adeo
681 1550 760 1579 me
791 1534 1012 1596 conplevi
1040 1533 1158 1581 flore
1188 1535 1374 1594 Liberi,

277 1605 425 1670 Magis
455 1606 600 1653 libera
624 1606 696 1652 uti
727 1607 890 1671 lingua
917 1608 1204 1656 conlibitum
1225 1621 1294 1656 est
1321 1611 1470 1658 mihi:

274 1678 455 1724 ‘Tacere
488 1695 680 1740 nequeo
704 1680 897 1737 misera,
926 1680 1063 1741 quod
1092 1682 1234 1729 tacito
1261 1700 1370 1730 usus
1394 1687 1487 1747 est)

275 1751 485 1815 Sicyone
520 1769 710 1798 summo
746 1769 915 1816 genere
941 1754 985 1799 ei
1011 1755 1130 1801 vivit
1154 1767 1314 1817 pater:

277 1828 324 1873 Is
351 1843 510 1872 amore
536 1826 703 1872 misere
732 1821 861 1872 hanc=
879 1826 1062 1888 deperit
1089 1827 1446 1887 mulierculam,

281 1899 421 1968 Quae
447 1898 559 1944 hinc
586 1898 735 1944 modo
765 1897 881 1945 flens
908 1899 1036 1947 abiit.
1069 1909 1232 1949 contra
1251 1917 1412 1948 amore
1440 1901 1554 1949 haec

533 1970 716 2031 perdita
739 1970 806 2015 'st.

280 2042 399 2089 Eam
419 2057 551 2105 meae
574 2058 660 2106 ego
682 2043 857 2087 amicae
887 2041 1018 2088 dono
1037 2042 1150 2088 huic
1166 2043 1397 2095 meretrici
1415 2043 1526 2091 dedi
1538 2064 1551 2096 3

280 2113 437 2182 Quod
467 2130 601 2175 saepe
632 2130 823 2160 mecum
851 2114 1151 2160 mentionem
1176 2114 1365 2173 fecerit,

282 2185 494 2231 Puerum
516 2196 599 2231 aut
617 2186 829 2246 puellam
845 2185 1064 2237 alicunde,
1090 2197 1145 2232 ut
1165 2187 1417 2249 reperirem
1439 2187 1552 2246 sibi,

282 2255 462 2303 Recens
488 2270 655 2304 natum
685 2274 818 2320 eapse
847 2258 983 2319 quod
1011 2258 1096 2304 sibi
1124 2269 1423 2320 supponeret.

282 2329 380 2378 Ubi
401 2331 517 2378 mihi
546 2343 747 2393 potestas
767 2332 979 2393 primum
999 2332 1156 2379 evenit
1170 2367 1183 2390 ,
1205 2333 1331 2378 illico

285 2401 395 2448 Feci
424 2405 521 2466 ejus
552 2405 632 2462 eii,
663 2405 799 2466 quod
824 2422 903 2454 me
931 2406 1109 2463 oravit,
1131 2405 1327 2465 copiam.

285 2477 544 2539 Postquam
573 2481 786 2539 puellam
813 2496 917 2528 eam
940 2497 966 2528 a
987 2495 1066 2528 me
1092 2478 1268 2541 accepit
1286 2513 1300 2538 2
1329 2478 1455 2526 illico
