1650 2826
187 1438 309 1504 1609

170 1571 313 1618 ·1610

477 165 1114 217 ‚EDITIONESZ
1305 180 1451 216 xxxr

372 290 424 330 ut
460 278 695 326 thesaurus.
727 275 906 324 Cetera..
940 292 1048 339 quae
1072 276 1290 322 Lectorem
1315 295 1449 341 prae-

366 346 476 392 scire
489 357 741 406 magnopere
756 342 953 388 interest,
973 340 1136 392 docebit
1145 340 1378 405 praefatio.
1401 369 1448 377 --

368 407 499 474 Apud
516 404 653 462 Zach.
670 405 927 452 Schurerum
948 405 1176 470 Bibliopol.
1206 408 1261 450 ln
1279 405 1372 451 fine
1390 407 1449 452 li-

366 472 440 520 bri
465 482 573 532 post
598 470 791 532 insignia
814 471 1100 533 typographi
1127 470 1322 533 legitur:
1350 470 1447 516 Ex-

367 537 547 584 cudebat
561 534 614 580 W
611 535 859 598 oiffgangus
868 535 1139 579 Meissnerus.
1150 536 1233 579 An.
1246 534 1448 583 MDCV.

369 601 594 661 Inscripta
619 615 731 646 vero
767 611 834 645 est
858 599 1134 644 Triumviris
1158 598 1292 660 Reip.
1324 600 1446 646 liter.

362 665 459 726 jos·
497 664 755 727 Scaligero,
779 663 822 721 J.
858 662 1015 724 Lipsio
1051 675 1100 709 et
1126 664 1183 710 Is.
1211 664 1448 710 casaubo-

365 747 446 779 no.
481 729 704 790 Sequitur
736 727 876 788 praef.
904 728 1020 773 VIII
1049 745 1183 792 pagg.
1209 755 1276 763 ---
1307 729 1447 777 Plau-

368 796 408 842 ti
438 795 566 840 fabb.
595 793 838 854 excipiunt
868 791 1145 855 Fragmenta
1174 804 1222 839 et
1255 793 1449 856 Suppo-

370 861 466 907 sita.
500 859 614 904 inde
644 869 758 903 vett.
792 869 839 903 et
867 858 1166 906 novitiorum
1195 859 1257 903 de
1276 860 1448 908 Plauto

369 923 650 972 testimonia.
684 922 794 968 dein
828 922 994 967 Index.
1020 922 1451 988 Wittenbergensis

370 989 511 1053 hujus
534 986 767 1043 editionis,
790 986 1128 1050 indiligentiuS,
1147 989 1288 1049 typis,
1310 989 1448 1048 quod

370 1055 434 1101 ad
459 1063 591 1099 notas
609 1052 798 1109 attinet,
823 1053 952 1115 justo
980 1052 1270 1109 minoribus,
1303 1053 1449 1099 Grae·
1501 1078 1505 1081 «

372 1120 433 1166 cis
448 1117 716 1179 praesertim
734 1115 1021 1179 fugientibus
1035 1118 1306 1179 exscriptae,
1322 1135 1450 1164 men-

372 1184 545 1228 dorum
573 1182 740 1243 plenae
755 1216 768 1238 ,
790 1183 886 1243 ipse
904 1181 1062 1227 editor
1080 1198 1127 1227 se
1142 1183 1324 1244 pudere
1342 1186 1449 1229 scri-

371 1248 443 1294 bit
459 1247 663 1292 inliteris
681 1246 1159 1309 adJungermannum
1188 1247 1303 1293 datis
1329 1250 1449 1310 prid.

371 1312 468 1360 Kal.
496 1311 621 1372 Sept.
647 1311 784 1368 1606,
804 1323 852 1357 et
870 1312 931 1356 ad
948 1312 1147 1357 Pareum
1165 1312 1211 1358 d.
1233 1327 1284 1370 17
1311 1314 1449 1360 Mart.

378 1393 395 1423 1
408 1378 500 1423 610
524 1376 652 1421 datis.

373 1442 525 1488 Plauti
543 1441 678 1486 Com.
703 1455 719 1485 1
733 1455 772 1486 α.
793 1441 1002 1486 exstabat
1023 1440 1074 1486 in
1090 1441 1206 1486 Bibl.
1223 1444 1324 1488 clar.
1346 1443 1449 1490 Car.

374 1505 800 1568 Buttinghausenii,
819 1506 939 1550 Prof.
959 1506 1176 1551 Heidelb.
1198 1523 1244 1567 p.
1269 1508 1371 1551 286.
1450 1518 1452 1523 ·

376 1569 672 1632 Francofurti,
697 1584 715 1613 1
728 1583 766 1613 Ω.
784 1570 844 1613 M.
858 1570 965 1614 Acci
978 1569 1132 1614 Plauti
1149 1570 1308 1616 Comici
1316 1571 1450 1618 Fabu-

378 1635 444 1679 lae
473 1634 716 1696 superstites
731 1633 830 1678 XX.
861 1632 931 1679 Ex
955 1635 1188 1694 recenfione
1201 1635 1450 1687 Dousiaca,

377 1713 519 1744 recens
539 1713 695 1757 magno
716 1698 882 1745 studio,
913 1710 956 1742 et
978 1711 1141 1760 quanta
1152 1702 1265 1762 fieri
1280 1705 1449 1764 potuit,

376 1756 583 1808 abeurata
599 1761 824 1822 diligentia
841 1762 992 1807 editae.
1010 1761 1315 1826 Francofurti,
1337 1767 1453 1829 apud

371 1826 514 1873 Nicol.
538 1825 870 1888 Hoffmannum,
896 1827 1232 1890 impensis‘Petri
1247 1829 1417 1894 Kopffiz.

181 1913 343 1942 ι...-
361 1890 598 1946 Ν(ἧιιηεναετ,
633 1905 702 1937 1⁴2.
729 1891 791 1935 M.
816 1892 923 1936 Acci
940 1892 1096 1937 Plauti
1118 1893 1359 1941 Comoediae
1388 1898 1453 1942 vi·-

373 1956 504 2016 ginti.
533 1954 683 2000 Variae
709 1956 927 2003 lectiones,
954 1973 1005 2001 ac
1029 1970 1154 2002 notae
1171 1975 1224 2002 ex
1241 1958 1303 2003 D.
1320 1960 1450 2005 Lam-

379 2021 466 2065 bini
494 2019 750 2081 aliorumque
778 2019 1110 2066 doctissimorum
1134 2025 1320 2068 virorum
1340 2041 1450 2069 com-

374 2085 622 2131 mentariis.
649 2100 723 2128 suo
746 2100 929 2145 quaeque
952 2085 1037 2129 loco
1059 2086 1311 2150 adscriptae.
1345 2088 1451 2134 Per-

371 2150 519 2213 spicua
544 2149 644 2192 item
673 2149 717 2192 in
735 2149 931 2208 singulas
957 2148 1194 2196 Comoedias
1224 2169 1452 2214 argumen-

379 2225 439 2258 ta.
474 2211 663 2269 Genevae
687 2213 801 2276 apud
818 2211 1028 2271 Jacobum
1043 2214 1178 2260 Stoer.

183 2299 345 2332 ι..-
374 2275 671 2340 Francofurti.
704 2280 727 2320 8
747 2279 855 2341 maj.
887 2277 1014 2322 Parei
1035 2278 1070 2324 Ι.
1098 2280 1161 2325 M.
1175 2281 1283 2327 Acci
1296 2281 1449 2328 Plauti

374 2342 612 2389 Sarsinatis
634 2340 871 2387 Comoediae
884 2342 973 2387 XX
984 2346 1239 2408 superstites.
1252 2346 1326 2404 Jo.
1342 2347 1449 2391 Phi·-

378 2406 534 2472 lippus
568 2405 733 2453 Pareus
747 2441 766 2466 ,
797 2405 913 2457 Dav·
937 2408 1006 2471 fil.
1034 2411 1228 2456 restituit
1258 2422 1300 2457 et
1337 2413 1450 2459 notis
