1650 2826
110 208 254 257 ·v.60
416 197 701 249 ACTUS
751 193 990 263 11.„sc.
1040 188 1138 239 1v.
1284 207 1395 253 309

473 323 507 356 N
535 321 558 354 Ι
592 320 619 353 C
654 319 687 352 Ο
724 317 752 349 Β
788 316 823 348 U
860 316 890 348 L
926 314 961 346 U
997 313 1033 346 S.

757 384 942 445 Edepol
976 380 1193 427 mortales
1224 380 1393 426 malos!

125 463 263 536 Quid
289 461 495 522 denique
522 455 685 521 agitis?

461 552 490 584 c
527 550 561 583 Η
597 550 630 582 R
666 549 698 581 Y
736 547 758 581 s
795 548 828 580 A
863 547 892 579 L
930 545 965 579 U
1002 545 1039 580 s.

590 610 796 656 Rursum
823 608 872 653 in
899 618 1097 668 portum
1126 606 1389 668 recipimus.

473 707 507 739 N
544 705 564 737 1
601 706 628 737 c
664 704 696 736 o
733 703 760 734 Β
798 702 831 734 U
868 701 897 733 L
935 700 970 732 U
1007 700 1044 732 s.

121 770 359 833 Sapienter
387 767 565 814 factum
591 783 617 810 a
643 764 791 810 vobis.
826 763 947 824 quid
976 762 1043 807 illi
1069 771 1229 823 postea
1247 760 1271 806 ?

473 861 500 893 c
537 858 571 891 Η
605 859 638 891 R
673 858 706 890 Y
743 857 764 890 s
802 857 836 889 A
871 857 900 889 Ι,
938 856 971 888 U
1009 856 1046 889 s.

118 935 453 985 Revorsionem
478 930 539 976 ad
567 941 738 975 terram
762 929 941 976 faciunt
969 930 1161 991 vesperi.

474 1033 1041 1069 NICOBULUS.

120 1100 307 1149 Aurum
334 1104 490 1149 hercle
511 1102 702 1149 ,auferre
736 1103 929 1149 voluere
960 1121 969 1146 :
1014 1101 1057 1147 ei
1094 1101 1160 1146 rei
1200 1115 1390 1161 operam

366 1174 553 1219 dabant.

469 1253 1040 1290 CHRYSA·1.US.

123 1298 235 1371 leon
262 1341 341 1370 me
369 1324 563 1379 fefellit,
591 1323 736 1367 sensi:
766 1339 822 1368 eo
852 1323 1142 1368 exanimatus
1175 1324 1256 1370 fui.

122 1396 369 1466 Quoniam
398 1395 614 1441 videmus
646 1410 758 1439 auro
790 1394 972 1439 insidias
1002 1394 1130 1451 fieri,

106 1466 343 1527 ‘Capimus
369 1466 617 1528 consilium
650 1465 910 1522 continuo,
939 1466 1164 1527 postridie

120 1540 386 1586 Auferimus
409 1541 520 1586 inde
543 1556 712 1585 aurum
731 1555 874 1584 omne
890 1574 903 1595 ,
930 1539 1018 1584 illis
1042 1541 1387 1600 praesentibus,

120 1614 279 1659 Palam
297 1625 442 1674 atque
463 1623 621 1674 aperte
634 1646 648 1668 ,
667 1623 724 1657 ut
740 1612 808 1657 illi
825 1612 876 1656 id
891 1610 1071 1658 factum
1089 1612 1344 1659 sciscerent.

476 1713 1047 1748 NICOBULUS.

119 1786 242 1836 Scite
269 1787 450 1835 hercle..
467 1786 612 1845 cedo,
637 1785 756 1848 quid
779 1785 845 1831 illi
861 1785 884 1831 Ξ)

468 1881 496 1913 C
531 1881 566 1914 H
600 1881 634 1915 R
670 1882 704 1913 Y
740 1881 763 1913 S
797 1880 832 1913 A
865 1880 896 1913 L
933 1880 969 1912 U
1005 1881 1043 1914 S.

900 1940 1072 1985 Tristes
1100 1941 1223 1987 illico
1239 1975 1254 1998 ‚

119 2014 290 2084 Quom
317 2015 558 2075 extemplo
591 2031 618 2059 a
646 2024 791 2075 portu
822 2014 887 2059 ire
917 2030 1003 2059 nos
1031 2031 1143 2062 cum
1175 2032 1288 2062 auro
1313 2019 1384 2063 vi·-

367 2085 483 2131 dent
499 2120 512 2142 ‚

40 2174 60 2214 .'
117 2157 402 2225 Subducunt
424 2156 640 2202 lembum
663 2156 891 2218 capitibus
918 2159 1250 2218 quassantibus.

117 2228 215 2275 Nos
231 2229 361 2290 apud
376 2229 689 2279 Theotimum
701 2247 852 2275 *omne
871 2247 1038 2277 aurum
1056 2231 1380 2294 deposuimus:

117 2301 218 2370 Qui
243 2302 336 2347 illic
363 2301 569 2356 sacerdos
605 2314 670 2347 est
696 2302 873 2349 Dianae
903 2303 1139 2364 Ephesiae.

467 2395 499 2426 N
534 2394 553 2425 1
592 2395 618 2426 C
655 2395 686 2427 Ο
723 2395 750 2426 Β
788 2395 823 2429 U
857 2396 886 2429 L
923 2397 957 2429 U
992 2397 1032 2431 S.

120 2449 239 2519 Quis
269 2452 656 2501 istichheotimu
673 2455 764 2500 ’st?

1098 2522 1196 2586 Va
