1650 2826
251 218 348 276 515
694 217 732 263 C
767 217 810 262 A
848 217 878 264 S
913 219 936 263 I
969 217 1103 265 NoA.
1404 237 1451 270 v,
1474 237 1528 281 25

255 327 383 374 Volo
411 343 624 375 accurare
642 361 656 385 ,
682 327 750 372 mi
769 327 853 373 vir,

662 414 686 447 s
726 413 756 445 T
792 412 827 446 A
861 413 892 446 L
928 415 949 446 1
985 415 1018 447 N
1058 414 1108 447 ο,

882 485 1086 547 Prope-ra
1115 500 1238 550 ergo.

564 579 1218 614 CLEOSTRATA.

1239 632 1385 679 Licet.

244 702 352 762 Jarn
365 705 455 764 ¹pol
472 719 567 767 ‘ego
589 702 700 765 huic
723 702 934 764 aliquem
950 704 1000 749 in
1017 715 1183 766 pectus
1200 705 1406 770 injiciam
1424 723 1525 752 me-

501 787 608 821 tum
628 795 638 821 ε

250 848 588 895 Miserrumum
629 847 774 894 hodie
797 864 884 912 ego
916 849 1046 895 hunc
1072 849 1261 895 habebo
1283 851 1523 897 amasium.

592 982 985 1030 SCENA
1059 984 1170 1030 IV.

295 1106 1458 1143 ALGESIMUS.STALINO.

597 1215 1171 1254 ALCESIMUS.

247 1270 443 1385 VISO
477 1334 574 1379 huc
593 1367 608 1390 ,
633 1343 813 1378 amator
847 1334 883 1378 si
912 1351 938 1379 a
970 1334 1074 1381 foro
1096 1334 1236 1382 rediit
1268 1334 1501 1394 domum,

246 1408 351 1478 Qui
380 1419 458 1452 me
486 1417 632 1467 atque
657 1422 857 1452 uxorem
884 1408 1129 1454 ludificatu
1145 1409 1198 1454 ’st
1221 1410 1359 1453 larua.

248 1481 343 1527 Sed
363 1497 527 1526 eccum
547 1491 656 1525 ante
679 1480 818 1526 aedis.
852 1481 912 1527 ad
928 1493 977 1527 te
992 1516 1007 1540 ,
1026 1483 1181 1528 hercle
1195 1516 1210 1539 ‚
1230 1481 1360 1528 ibam
1389 1497 1521 1526 com-

497 1553 716 1599 modum.

657 1644 678 1678 s
715 1645 746 1677 T
782 1643 815 1676 A
851 1644 882 1678 L
917 1643 938 1675 1
973 1643 1007 1676 N
1043 1642 1093 1675 o.

245 1713 408 1775 Atque
435 1729 550 1775 ego,
573 1713 729 1758 hercle
747 1747 761 1769 ,
787 1711 848 1757 ad
875 1723 936 1757 te.
971 1711 1092 1772 quid
1116 1710 1178 1756 ais
1195 1744 1209 1767 ,
1231 1710 1303 1756 vir
1329 1709 1516 1756 minimi

495 1781 653 1843 preti?

244 1855 381 1926 Quid
401 1855 489 1901 tibi
513 1854 771 1900 mandavi?
795 1853 915 1914 quid
932 1865 1094 1900 tecum
1119 1852 1279 1911 oravi?

597 1944 634 1976 A
662 1945 693 1978 1.
728 1945 754 1976 c
790 1945 820 1977 E
858 1945 880 1980 s
916 1946 938 1978 1
975 1946 1018 1978 M
1055 1944 1090 1977 U
1127 1944 1166 1979 S.

1243 2006 1510 2077 Quidest?

652 2087 675 2120 s
713 2086 744 2118 Τ
781 2086 814 2119 Α
850 2087 879 2120 L
913 2086 934 2119 1
971 2086 1005 2119 N
1044 2084 1093 2117 o.

240 2156 304 2202 Ut
334 2158 458 2217 bene
484 2158 664 2204 vacivas
689 2157 812 2203 aedis
846 2156 994 2203 fecisti
1024 2157 1168 2202 mihi!

235 2224 301 2271 Ut
329 2228 571 2273 traduxisti
602 2229 698 2274 huc
723 2229 783 2274 ad
810 2245 896 2274 nos
925 2244 1124 2273 uxorem
1146 2226 1300 2272 tuam!

236 2294 377 2342 Satin'
402 2312 597 2362 propter
625 2313 672 2347 te
703 2318 846 2362 pereo
884 2318 971 2364 ego
989 2334 1003 2357 ,
1034 2310 1178 2360 atque
1212 2295 1422 2343 occasio?

587 2398 620 2430 A
659 2398 688 2430 L
726 2398 752 2430 c
787 2398 816 2430 Ε
855 2398 876 2431 s
914 2398 934 2430 1
970 2398 1011 2430 M
1051 2395 1085 2426 U
1121 2394 1160 2427 s.

231 2465 369 2535 Quin
387 2475 444 2512 tu
468 2466 710 2529 suspendis
741 2468 827 2514 te?
853 2481 1027 2528 nempe
1053 2474 1157 2510 tute
1187 2460 1363 2508 dixeras
1381 2492 1398 2518 ,
