1650 2826
248 206 342 266 318
671 203 1072 252 CASINA.
1389 223 1524 264 v.25

661 324 1104 358 STALINO.

249 394 393 440 Nunc
411 404 464 440 tu
484 393 600 440 mihi
627 394 802 439 amicus
820 411 864 439 es
883 394 932 440 in
954 382 1230 456 germanurn
1255 390 1473 437 modum.

251 468 365 537 Qua
393 484 479 532 ego
513 468 642 513 hunc
669 483 879 512 amorem
903 465 1022 512 mihi
1043 482 1136 511 esse
1161 466 1234 511 avi
1261 466 1414 513 dicam
1446 464 1529 511 da·-

502 550 609 585 tum
624 539 645 584 Ξ)

251 609 352 656 Aut
392 611 514 672 quid
552 627 638 675 ego
676 625 912 673 umquam
947 625 1051 673 erga
1088 608 1323 656 Venerem
1360 610 1526 670 inique

505 682 697 728 fecerim
717 715 730 739 9

255 754 393 822 Quoi
408 755 469 800 sic
487 766 559 800 tot
572 754 747 800 amanti
762 752 880 798 mihi
897 752 1087 799 obviam
1104 755 1321 801 eveniant
1335 755 1524 800 morae?

253 826 393 874 Atat}
431 828 552 890 quid
580 829 693 873 illuc
731 826 967 883 clamoris,
1008 828 1198 874 obsecro
1214 862 1227 886 ,
1261 828 1312 873 in
1350 838 1506 872 nostra

513 901 661 947 domo
681 901 735 946 ’st
755 901 775 945 P

677 1017 998 1090 SCENA
1072 1038 1117 1083 u

275 1165 1508 1206 PARDALISCA‚·STAL1N0.

571 1255 1209 1307 PARnArrsc'A.

247 1340 356 1453 N
364 1417 501 1451 ULLA
534 1422 640 1450 sum
658 1439 671 1462 ‚
700 1406 833 1451 nulla
858 1422 992 1455 sum;
1028 1415 1158 1462 tota,
1189 1415 1290 1451 tota
1325 1405 1490 1451 occidi.

250 1480 346 1526 Cor
359 1489 494 1525 metu
508 1490 757 1525 mortuum
770 1480 840 1536 ’st‚
855 1474 1070 1525 meinbra
1085 1479 1275 1526 miserae
1293 1489 1519 1525 tremunt.

248 1553 420 1600 Nescio
446 1553 577 1599 unde
601 1553 777 1611 auxili,
804 1553 1026 1615 praesidi,
1054 1552 1239 1617 perfugi

249 1628 322 1674 Mi
335 1663 348 1685 ‚
367 1639 449 1674 aut
471 1644 623 1689 opum
642 1628 829 1689 copiam
853 1644 1106 1689 conparem
1123 1661 1136 1684 ‚
1155 1637 1238 1690 aut
1258 1638 1489 1689 expetam.

251 1700 408 1746 Tanta
435 1700 564 1746 factis
592 1700 741 1746 modo
773 1700 890 1746 mira
915 1701 1031 1747 veris
1062 1699 1215 1745 modis

249 1775 378 1821 Intu’
403 1773 534 1832 vidi,
557 1790 734 1819 novam
762 1774 1163 1836 atqueintegram
1194 1771 1447 1818 audaciam.
1492 1795 1496 1799 .

252 1848 380 1894 Cave
407 1847 495 1894 tibi
515 1883 528 1904 ,
550 1848 803 1893 Cleostrata
818 1883 831 1905 ‚
851 1846 1045 1893 abscede
1065 1846 1123 1892 ab
1142 1846 1225 1891 ista
1234 1880 1253 1903 ,Α
1272 1846 1493 1903 obsecro,

250 1919 327 1965 Ne
355 1920 476 1981 quid
505 1921 555 1966 in
582 1931 630 1965 te
657 1920 769 1965 mali
797 1918 911 1965 faxit
933 1919 998 1964 ira
1023 1918 1210 1979 percita.

251 1991 432 2054 Eripite
461 1991 535 2038 isti
571 1991 781 2056 gladium
800 2027 813 2049 ,
837 2009 958 2053 quae
987 1991 1060 2038 sui
1094 2002 1160 2037 est
1188 1991 1324 2053 inpos
1352 1989 1509 2036 animi.

665 2094 1101 2128 STALINO.

253 2161 378 2209 Nam
402 2161 522 2223 quid
540 2172 606 2208 est
622 2196 634 2219 ‚
661 2162 797 2223 quod
814 2163 928 2208 haec
956 2164 1050 2208 huc
1078 2161 1244 2207 timida
1261 2172 1404 2222 atque
1421 2174 1525 2204 exa-

506 2236 682 2282 nimata
713 2236 898 2282 exsiluit
930 2236 1046 2282 foras
1064 2235 1086 2280 Ξ)

248 2302 517 2352 Pardalisca.

571 2393 598 2424 Ρ
639 2391 673 2424 Α
709 2394 741 2426 R
777 2394 812 2425 D
848 2393 882 2426 A
916 2394 945 2426 L
981 2392 1003 2426 1
1039 2392 1061 2424 s
1097 2391 1123 2423 c
1159 2389 1206 2422 A.

394 2453 543 2502 Perii!
567 2457 696 2502 unde
721 2474 852 2503 meae
879 2467 1104 2517 usurpant
1122 2471 1250 2501 aures
1272 2454 1481 2500 sonitum
1496 2454 1518 2499 ?
