1650 2826
179 204 330 251 ,1271
508 185 796 237 'ACTUS
848 186 888 234 1.
937 184 1040 235 SC.
1094 189 1133 236 1.
1361 205 1415 256 15
1493 209 1497 213 ·

134 303 319 353 Urbem
332 334 349 359 ‚
367 315 533 366 agrum
546 331 563 356 ‚
584 313 678 345 aras
689 331 705 355 ‚
727 295 859 343 focos
875 329 892 354 ‚
913 311 1063 357 seque
1083 297 1157 343 uti
1175 296 1418 348 dederent.

133 376 397 438 Postquam
416 372 470 419 id
487 381 649 421 actum
666 371 722 417 'st
736 404 751 429 ,
774 369 921 417 tubae
940 369 1189 432 utrimque
1211 385 1416 421 canunt:

393 456 557 492 contra

135 529 382 581 Comomt
402 538 547 574 terra:
572 527 828 574 clamorem
849 527 1095 588 utrimque
1116 525 1334 575 efferunt.

133 606 395 668 Imperator
416 603 661 664 utrimque
683 602 796 647 hinc
819 612 868 647 et
889 601 1019 648 illinc
1035 600 1150 659 Jovi

133 677 261 744 =Vota
279 678 510 740 suscipere
524 710 539 734 ,
562 675 739 722 hortari
770 675 1062 722 exercitum:

132 750 225 799 Pro
246 767 295 797 se
312 750 543 812 quisque,
566 749 618 795 id
640 749 779 811 quod
801 750 1007 812 quisque
1027 760 1187 813 potest
1202 760 1252 797 et
1266 751 1419 808 valet,

130 824 272 878 Edit;
293 823 415 871 ferro
438 823 572 871 ferit:
596 824 691 870 tela
712 822 938 889 frangunt
957 842 967 868 :
991 824 1108 871 boat

132 897 341 944 Coelum
357 896 551 944 fremitu
570 897 754 943 virum:
774 911 835 942 ex
850 896 1017 958 spiritu
1038 908 1187 960 atque
1207 895 1423 942 anhelitu

131 968 325 1019 Nebula
345 977 554 1017 constat:
585 966 765 1014 cadunt
782 966 987 1013 volneris
1007 967 1058 1013 vi
1079 978 1128 1013 et
1147 967 1337 1014 virium.

131 1040 362 1102 Denique
375 1075 390 1098 ,
413 1050 471 1086 ut
490 1038 732 1085 voluimus
751 1072 766 1095 ‚
788 1042 948 1084 nostra
967 1049 1156 1100 superat
1178 1054 1347 1084 manus
1366 1056 1376 1083 :

133 1112 308 1160 Hostes
325 1113 475 1159 crebri
496 1111 703 1158 cadunt:
726 1111 875 1158 nostri
896 1122 1063 1158 contra
1082 1110 1329 1176 ingruunt.

132 1184 349 1232 Vicimus
368 1184 420 1230 vi
440 1183 629 1231 feroces.

133 1257 231 1305 Sed
251 1256 446 1322 fugam
434 1273 485 1302 m
507 1273 555 1303 se
575 1269 737 1304 tamen
756 1273 903 1307 nemo
926 1247 1227 1305 convortitur
1239 1291 1257 1317 ,

131 1330 237 1378 Nec
258 1329 436 1376 recedit
456 1331 565 1376 loco
581 1365 596 1388 ‚
620 1331 741 1391 quin
763 1331 920 1376 statim
941 1347 1044 1377 rem
1065 1342 1207 1396 gerat.

134 1402 363 1450 Animam
383 1403 647 1462 omittunt,
670 1404 948 1465 priusquam
969 1404 1080 1449 loco
1103 1403 1370 1467 demigrent
1387 1421 1400 1448 ε

261 1493 376 1538 que,
393 1477 468 1523 uti
484 1489 695 1535 steterat,
708 1479 858 1542 jacet,
879 1477 1168 1538 obtinetque
1187 1476 1421 1522 ordinem.

135 1547 247 1593 Hoc
274 1549 363 1594 ubi
384 1548 674 1610 Amphitruo
704 1552 844 1595 herus
866 1552 1162 1611 conspicatus
1185 1559 1280 1606 est,

135 1620 275 1666 mico
297 1621 479 1681 equites
495 1622 638 1684 jubet
660 1621 852 1668 dextera
874 1622 1112 1668 inducere.

134 1692 334 1753 Equites
353 1703 521 1754 parent
542 1693 623 1738 citi
642 1711 651 1737 :
675 1693 736 1738 ab
757 1693 949 1740 dextera
969 1710 1202 1740 maxumo

133 1765 264 1811 Cum
286 1766 489 1812 clamore
510 1766 726 1812 involant
740 1802 755 1824 ,
775 1767 946 1828 inpetu
966 1767 1103 1814 alacri
1121 1786 1133 1812 ε

135 1837 177 1885 F
176 1839 352 1885 oedant
368 1851 416 1885 et
435 1851 688 1902 proterunt
704 1842 916 1888 hostium
933 1842 1089 1903 copias
1095 1842 1206 1904 jure
1217 1839 1422 1903 injustas.

491 1943 1074 1977 MERCURIUS·

137 2019 420 2080 Numquam
443 2022 584 2067 etiam
608 2022 878 2083 quidquam
895 2023 1052 2070 adhuc
1072 2023 1332 2071 verborum
1355 2034 1423 2069 est

396 2095 674 2153 prolocutus
692 2111 941 2156 perperam
958 2114 971 2140 ε

139 2161 361 2225 Namque
384 2180 472 2228 ego
504 2164 575 2210 fui
607 2161 778 2211 illic'in
806 2184 856 2212 re
887 2157 1152 2229 praesenti,
1184 2178 1233 2217 et
1252 2184 1387 2217 meus
1405 2202 1423 2228 ,

387 2244 554 2299 'quom
574 2251 845 2303 pugnatum
863 2241 917 2287 ’st
932 2275 946 2298 ,
968 2251 1115 2303 pater.

633 2351 924 2385 SOSIA.

43 2411 47 2463 ]
135 2421 407 2498 Perduelles
426 2437 676 2487 penetrant
699 2444 746 2474 se
766 2428 819 2474 in
840 2427 1015 2492 fugam.
1043 2428 1114 2476 ibi
1131 2427 1299 2481 nostris
1322 2427 1424 2475 ani-

124 2525 128 2527 >
407 2514 515 2545 mus
539 2497 717 2546 additu'
719 2510 789 2547 st:
