1650 2826
203 185 302 247 ‘272v
523 184 1162 236 AULULARIA.

562 310 1136 345 LYCONIDES.

199 372 298 419 Non
332 371 464 416 stulte
495 371 686 433 loqueris.

563 463 1129 499 STROBILUS.

718 507 851 576 'Audi
875 533 1038 595 reliqua
1067 550 1180 579 nunc
1199 536 1297 600 jam
1317 553 1333 579 :

204 605 392 651 Tenaces
421 607 601 652 nimium
632 605 820 651 dominos
844 619 992 665 nostra
1021 620 1140 653 aetas
1165 609 1282 653 tulit.

195 676 316 795 ἕως
345 676 656 741 Harpagones‚
689 676 934 742 Harpyias,
975 691 1017 724 et
1053 679 1262 725 Tantalos

236 767 358 795 ocare
393 751 527 798 soleo,
558 752 602 796 in
639 751 784 814 opibus
808 754 979 812 magnis
999 769 1233 816 pauperes,

196 821 257 868 Et
290 823 525 868 sitibundos
555 825 598 868 in
630 823 765 868 medio
805 823 966 870 Oceani
991 828 1197 887 gurgite.-

194 895 359 941 Nullae
386 896 474 940 illis
500 896 608 941 satis
638 895 814 941 divitiae
837 909 960 944 sunt,
989 914 1068 942 non
1095 897 1271 945 Midae,

194 969 295 1028 Non
333 966 505 1013 Croesi:
537 984 618 1013 non
651 970 785 1014 omnis
813 968 1045 1015 Persarum
1075 973 1194 1034 copia

195 1044 381 1108 Explere
417 1043 586 1087 illorum
622 1054 859 1088 tartaream
894 1045 1126 1105 ingluviem
1150 1046 1305 1111 potest.

193 1119 345 1180 Inique
375 1115 536 1161 domini
560 1117 691 1162 servis
717 1128 901 1170 utuntur
929 1119 1048 1165 suis,

193 1191 254 1238 Et
282 1191 394 1251 servi
417 1190 556 1251 inique
587 1188 766 1234 dominis
793 1206 905 1234 nunc
926 1202 1087 1253 parent
1110 1193 1222 1236 suis.-

191 1266 264 1309 Sic
285 1267 352 1327 fit
387 1261 604 1309 neutrobi,
633 1261 743 1323 quod
757 1263 868 1324 fieri
886 1263 1056 1327 justum
1074 1262 1214 1327 foret.

189 1335 354 1380 Penum
371 1370 385 1381 ,
411 1335 591 1397 popinas
608 1368 622 1379 ,
650 1332 778 1377 cellas
804 1335 1102 1396 promtuarias

194 1408 438 1454 Occludunt
465 1407 581 1451 mille
618 1406 805 1451 clavibus
827 1408 956 1469 parci
985 1424 1115 1452 senes.

190 1481 317 1556 Quae
351 1482 428 1527 vix
465 1479 669 1539 legitimis
701 1477 872 1522 concedi
903 1480 1019 1523 natis
1049 1479 1224 1530 volunt..

191 1557 314 1602 Servi
334 1554 542 1618 furaces,
572 1551 840 1614 versipelles,
876 1551 1056 1599 callidi,
1100 1564 1103 1565 ’

197 1625 384 1671 Occlusa
411 1623 527 1668 mille
557 1621 746 1668 clavibus
774 1621 855 1666 sibi
879 1633 1103 1668 reserant‚·

189 1699 233 1746 F
229 1701 439 1760 urtimque
469 1708 647 1762 raptant
658 1732 673 1744 ‚
697 1701 949 1741 consumunt
960 1720 988 1742 ,v
1005 1696 1223 1756 liguriunt
1232 1731 1249 1744 ⁴

193 1773 383 1819 Centena
411 1787 640 1833 numquam
666 1769 807 1833 furta
843 1769 1003 1814 dicturi
1029 1785 1151 1814 cruce
1171 1788 1185 1812 :

188 1849 262 1894 Sic
293 1848 538 1893 servitutem
570 1844 838 1889 ulciscuntur
864 1845 976 1889 servi
999 1843 1108 1887 mali

188 1922 296 1967 Risu
313 1921 518 1986 jocisque.
550 1917 623 1962 Sic
653 1933 751 1977 ergo
781 1916 1009 1964 concludo,
1031 1916 1144 1979 quod

191 1993 342 2039 Servos
361 1989 519 2053 fideles
554 1987 790 2032 liberalitas
810 1986 950 2050 facit.
1167 1994 1170 1995 ’

550 2086 1130 2120 LYCONIDES.

188 2155 318 2199 Recte
345 2155 510 2218 quidem
538 2165 610 2202 tu,
639 2154 714 2199 sed
740 2171 820 2200 non
841 2156 1018 2218 paucis,
1051 2153 1226 2202 ut'milzi

187 2226 427 2271 Pollicitus.
459 2244 604 2273 verum
629 2228 668 2271 si
699 2238 739 2271 te
759 2222 886 2289 fizcio
915 2226 1116 2274 liberum,

187 2298 373 2346 Reddes,
405 2300 517 2360 quod
546 2301 666 2362 cupio
686 2302 714 2342 ἓ

551 2390 574 2424 S
611 2390 642 2423 T
677 2392 710 2425 R
748 2391 779 2423 Ο
817 2391 845 2423 Β
881 2391 901 2422 Ι
938 2390 967 2423 Ι,
1005 2389 1040 2422 U
1075 2388 1113 2422 S·

736 2459 925 2504 Reddam
942 2477 956 2502 .·
978 2457 1053 2502 sed
1080 2468 1202 2502 testes
1226 2457 1329 2504 volo·

1363 207 1510 255 v⁴25
