1650 2826
267 229 363 288 575
530 222 1281 272 CISTELLARIA.
1417 241 1550 287 v.42

546 345 1274 381 LAMPADISCUS.

269 409 518 457 Servatur:
537 407 620 454 sed
637 407 768 453 illaec
785 423 831 452 se
850 406 1111 468 quamdam
1127 406 1253 452 aibat
1270 406 1519 453 mulierem

271 485 420 532 Suam
441 484 812 530 benevolentem
838 482 1105 528 convenire·
1122 482 1264 527 etiam
1286 482 1441 543 prius,

273 560 549 606 Commune
583 557 783 618 quicum
815 556 868 603 id
896 568 1011 603 esset
1039 557 1127 623 sibi
1153 556 1416 621 negotium.

272 632 336 679 Et
363 631 457 678 scio
485 642 752 678 venturam.

664 724 707 757 M
742 724 772 756 E
811 724 859 756 L*
879 722 913 755 A
947 722 979 755 E
1013 722 1048 755 N
1083 722 1104 755 1
1141 721 1181 756 s.
1279 764 1282 765 ⁷

776 789 858 835 Me
879 787 1109 835 indicabit
1123 821 1139 845 ,
1166 798 1213 833 et
1233 803 1334 834 suas

279 866 358 912 Ad
392 882 518 914 meas
551 865 751 912 miserias
780 864 937 910 addet.

557 954 1291 994 PHANOSTRATA.

668 1010 671 1014 ³
979 1022 1069 1068 Fac
1099 1038 1179 1069 me
1210 1021 1457 1069 consciam.

282 1099 419 1170 Quid
449 1114 580 1144 nunc
606 1097 675 1144 vis
702 1096 858 1153 facere
876 1111 955 1141 me
972 1096 995 1140 Ξ)

565 1182 1296 1219 LAMPADISCUS.

727 1255 860 1300 Intro
885 1253 962 1299 abi
975 1288 987 1310 ‚
1007 1264 1154 1314 atque
1175 1252 1335 1298 animo
1354 1239 1488 1299 bono
1511 1267 1574 1317 es.⁴
1631 1280 1637 1285 2

289 1332 375 1378 Vir
405 1341 516 1376 tuus
543 1329 579 1374 si
605 1328 795 1385 veniet,
820 1327 941 1391 jube
973 1327 1108 1374 domi
1136 1326 1420 1389 opperirier,
1484 1342 1487 1350 ·

291 1404 365 1448 Ne
394 1403 444 1447 in
477 1399 752 1462 quaestione
777 1398 897 1444 mihi
930 1398 988 1444 sit
1006 1433 1019 1456 ‚
1048 1399 1085 1444 si
1119 1397 1240 1460 quid
1266 1413 1379 1444 eum
1409 1395 1566 1444 velim.
1645 1416 1650 1476 Ιι

293 1476 394 1539 Ego
423 1473 483 1520 ad
515 1489 663 1519 anum
695 1488 882 1518 recurro
914 1487 1116 1517 rursum.
1644 1477 1650 1516 1

566 1562 1300 1612 PHANOSTjiATA.
1645 1519 1650 1576 1

1067 1623 1354 1686 Lampadio,
1381 1622 1573 1670 obsecro

300 1695 436 1740 Cura.
1305 1704 1328 1732 ,ι
1434 1722 1438 1726 .

574 1763 1300 1817 ιᾼΜΡΑΒΙεὈυε.

462 1837 731 1884 Perfectum
764 1852 851 1899 ego
882 1836 975 1882 hoc
998 1836 1123 1882 dabo
1153 1836 1419 1901 negotium.

527 1923 1307 1966 *Pl-IANOSTRATA.

307 1996 436 2041 Deos
468 2004 615 2053 teque
644 2006 792 2052 spero.

578 2063 1343 2134 LAMPADIchst

709 2153 915 2199 Eosdem
935 2170 1022 2218 ego
1041 2189 1054 2211 ‚
1079 2154 1152 2200 uti
1171 2153 1341 2199 habeas
1363 2151 1575 2200 domum.
1630 2215 1632 2218 y

689 2247 731 2279 M
766 2249 795 2280 E
833 2248 862 2280 L
901 2249 934 2280 A
970 2248 999 2280 E
1036 2248 1070 2281 N
1104 2242 1137 2280 1=
1161 2246 1198 2281 s.
1454 2234 1458 2238 '

311 2315 593 2361 Adulescens
614 2349 627 2372 ‚
651 2325 767 2371 asta,
793 2325 939 2375 atque
968 2313 1091 2360 audi.

580 2404 1302 2442 LAMPADISCU'S.

1010 2474 1136 2520 Men’
1155 2507 1170 2532 ,
1192 2471 1386 2531 mulier,
1410 2470 1581 2517 vocas?
1614 2475 1619 2501 ἶ
