1650 2826
116 188 244 232 '253
408 160 693 213 ACTUS
746 159 827 208 ῙῙ.
884 157 990 206 SC.
1046 159 1126 206 ῙῘ.
1334 175 1392 218 55

123 273 287 337 Aeque
316 285 395 317 me
428 282 558 318 nunc
581 263 783 327 proinde
814 265 1017 326 appellas
1032 299 1046 322 ,
1075 265 1208 325 quasi
1236 267 1395 311 multo

371 352 479 407 post
499 339 667 387 videris
682 339 705 384 ?

413 474 424 482 ,
453 443 487 476 Α
522 442 564 475 Μ
600 443 630 476 1>
664 442 700 475 Η
734 442 753 474 1
791 441 823 475 Τ
857 442 891 476 R
927 440 962 474 U
1000 441 1049 474 o.

122 521 276 568 Immo
305 517 532 578 equidem
560 532 609 564 te
628 553 641 575 ‚
674 519 762 564 nisi
787 534 917 564 nunc
949 518 1125 576 hodie,
1158 533 1398 579 nusquam

365 593 466 639 vidi
491 593 719 657 gentium.

118 710 159 745 ᾗ,
272 710 276 711 ⁷
484 691 519 728 A
555 692 584 724 L
619 692 647 723 c.
683 691 719 722 U
755 691 799 725 Μ
833 691 862 722 E
900 691 934 726 N
969 690 1020 724 A.

119 750 216 800 Cur
230 751 398 816 negas?

455 837 492 871 A
525 837 567 870 M
605 837 632 873 P
669 836 703 871 H
738 836 760 871 1
796 837 827 872 Τ
863 838 900 874 R
933 835 967 871 U
1004 835 1051 869 O.

329 913 458 984 Quia
480 930 589 959 vera
612 912 756 958 didici
782 912 949 958 dicere.

482 1011 519 1046 A
552 1011 584 1046 L
617 1011 649 1045 C
683 1010 718 1042 U
759 1010 801 1044 M
837 1010 867 1045 E
903 1011 937 1042 N
973 1009 1022 1041 A.

856 1081 1002 1129 Haud
1025 1095 1233 1145 aequom
1257 1077 1366 1125 facit
1381 1112 1395 1137 ‚

120 1135 224 1222 Qui
240 1127 382 1214 quod
398 1153 586 1209 didicit,
605 1129 656 1198 id
673 1153 880 1203 dediscit.
914 1171 975 1201 an
996 1153 1324 1218 periclitamini
1337 1187 1351 1208 ,

122 1226 279 1295 Quid
282 1227 427 1275 animi
452 1227 683 1276 habeam?
709 1228 793 1276 sed
819 1228 940 1290 quid
964 1229 1059 1275 huc
1085 1243 1168 1275 vos
1197 1225 1396 1272 revorti-

370 1298 490 1344 mim
513 1310 611 1345 tam
637 1298 763 1345 cito?

122 1367 201 1415 An
221 1379 270 1418 te
294 1369 554 1430 auspicium
580 1379 914 1416 conmoratum
941 1371 1041 1416 est?
1066 1385 1125 1415 an
1148 1379 1399 1430 tempestas

278 1450 281 1451 ’
372 1441 619 1485 continet?

128 1508 230 1580 Qui
253 1524 355 1556 non
382 1510 532 1556 abiisti
563 1508 625 1556 ad
651 1512 881 1579 legiones,
909 1513 974 1558 ita
1002 1512 1075 1559 uti
1106 1511 1296 1559 dudum
1327 1510 1406 1554 dia

383 1596 535 1627 xeras.
526 1583 578 1626 Ρ.

463 1679 499 1711 A
534 1680 576 1713 Μ
614 1682 642 1715 P
679 1682 712 1715 11
746 1682 768 1714 1
805 1682 836 1715 ’1
871 1684 905 1717 R
936 1681 975 1737 ³11
1012 1683 1059 1717 a.

128 1750 353 1802 Dudum!
373 1756 724 1819 quamdudum
739 1758 858 1804 istuc
875 1757 1055 1804 factum
1072 1758 1162 1805 'sti'

492 1856 527 1892 A
563 1857 598 1890 L·
628 1857 657 1889 c
694 1856 728 1889 U
765 1857 807 1889 M
842 1857 872 1890 Β
907 1858 941 1890 Ν
978 1857 1027 1889 A.

680 1930 868 1978 TentaS.
879 1928 1171 1993 jamdudum
1185 1962 1202 1986 2
1217 1928 1381 1985 modo.

463 2023 498 2057 A
532 2024 575 2057 M
611 2024 639 2057 P
676 2025 710 2057 Η
744 2025 765 2056 1
801 2025 832 2057 Τ
868 1994 901 2058 R
935 2024 970 2056 U
1007 2025 1055 2056 ο.

131 2094 234 2165 Qui
256 2095 374 2140 istuc
404 2096 529 2157 potis
558 2107 624 2142 est
653 2095 778 2151 fieri,
807 2111 1008 2155 quaeso,
1033 2106 1090 2141 ut
1116 2094 1257 2154 dicis,
1281 2097 1406 2160 jam-⁸

402 2169 617 2227 dudum,
639 2169 825 2218 modo?

499 2271 1034 2311 ALCUMENA.

133 2343 268 2414 Quid
286 2347 415 2396 enim
437 2349 638 2397 censes?
631 2361 688 2396 te
706 2362 761 2401 ut
779 2350 1003 2401 deludam
1018 2363 1182 2401 contra
1197 2353 1406 2402 lusorem

359 2435 549 2466 meum
564 2453 582 2480 ,

1110 2495 1207 2556 D4
