1650 2826
258 181 350 242 448
587 180 1200 232 CAPTEIVEI.
1396 205 1534 252 v.55

254 292 364 339 Hoc
386 309 465 339 me
485 293 638 359 jubes.
667 292 749 339 sed
776 293 864 354 qui
887 294 987 340 est?

733 396 767 429 H
803 395 833 428 E
872 394 904 427 G
940 395 960 427 1
1000 396 1049 429 ο.

645 462 842 525 Respice
866 462 928 509 ad
950 481 1056 522 me,
1077 464 1233 530 Hegio
1255 481 1376 513 sum.
1439 478 1443 480 ’

598 558 631 592 r.
666 558 702 593 R
737 559 771 592 G
808 561 844 594 A
881 559 903 594 s
939 549 962 592 1
997 561 1029 594 1.
1067 560 1101 593 u
1138 561 1176 595 s.

1283 615 1366 661 Oh
1388 614 1533 660 mihi!

255 684 511 754 Quantum
530 693 597 729 est
615 683 874 730 homnium
900 695 1216 746 optumorum
1233 697 1460 748 optume,
1486 686 1537 732 in

504 767 722 817 tempore
750 756 955 803 advenis.

745 859 779 892 Η
811 860 841 892 Ε
880 859 912 892 G
947 861 968 892 1
1005 860 1052 893 o.

255 926 426 974 Nescio
458 943 607 988 quem
637 926 698 972 ad
725 937 923 987 portum
952 938 1117 975 nactus
1141 946 1215 989 es,
1234 929 1322 978 ubi
1341 945 1535 980 coenem

507 1015 564 1045 eo
599 998 784 1044 fastidis.

609 1090 1184 1130 ERGASILUS.

253 1160 387 1209 Cedo
421 1176 635 1208 manum.

741 1244 777 1277 Η
810 1245 840 1278 Ε
880 1245 914 1279 G
948 1246 972 1278 1
1010 1247 1060 1280 o.

410 1307 614 1352 Manum
633 1305 655 1350 ?

609 1398 1186 1436 ERGASILU'S.

431 1474 634 1521 Manum
647 1509 661 1533 ,
681 1475 882 1536 inquam
895 1510 909 1534 ,
929 1476 1048 1523 cedo
1066 1488 1200 1525 tuam
1215 1490 1444 1539 actutum.

733 1574 1048 1610 HEGIO.

1385 1633 1533 1682 Tene.

606 1713 1181 1754 ERGASILUS.

251 1782 436 1830 Gaude.

741 1857 776 1890 Η
810 1858 840 1891 Ε
879 1860 911 1893 G
947 1861 969 1893 1
1005 1862 1053 1895 o.

315 1927 453 1997 Quid
481 1941 569 1992 ego
593 1926 861 1990 gaudeam?

605 2033 636 2065 E
674 2033 706 2066 R
744 2032 777 2065 G
814 2032 849 2064 A
886 2031 908 2066 s
945 2032 966 2065 1
1000 2032 1031 2065 1.
1068 2034 1104 2066 U
1140 2033 1180 2067 s.

584 2098 714 2168 Quia
731 2114 818 2162 ego
838 2086 1035 2160 impero.
1062 2116 1146 2164 age
1162 2133 1176 2157 ,
1198 2098 1352 2164 gaude
1367 2099 1528 2147 modo.

736 2198 771 2231 Η
805 2199 836 2231 Ε
874 2199 906 2232 G
943 2200 963 2232 1
1001 2201 1047 2234 o.

251 2271 366 2329 Pol,
389 2285 618 2318 maerores
636 2268 705 2314 mi
722 2279 1032 2315 antevortunt
1050 2271 1241 2334 gaudiis.

579 2346 637 2397 ‘E
674 2365 708 2398 R
744 2364 777 2397 G
812 2362 848 2396 A
880 2363 904 2396 s
938 2364 960 2396 1
995 2365 1026 2397 L
1062 2364 1096 2400 U
1132 2364 1170 2397 s,

1188 2437 1301 2484 Noli
1328 2439 1527 2491 irascie13

1644 2058 1650 2098 ,ξ

1643 2101 1650 2143 ¹.
