1650 2826
208 209 354 248 XXVI

208 564 324 622 1581

204 914 366 930 —n

207 1084 327 1142 1587

200 1170 363 1190 5——

206 1341 326 1398 1588

206 1541 330 1601 1589

525 199 589 245 M.
654 194 849 246 'ACCJ
907 195 1290 244 PLAUTI·

398 319 470 364 ap.
493 302 869 365 Hambergerum
886 303 935 348 in
953 302 1314 366 zuverlaessigen
1330 300 1485 350 NacH-

399 368 585 415 richten
604 379 689 414 etc.
716 370 774 414 T.
803 370 824 413 I
840 402 852 425 ‚
877 385 922 429 p.
944 386 966 430 3
981 368 1035 424 76
1068 367 1110 412 ei
1130 368 1380 431 assignatur
1401 385 1485 414 an-

400 449 491 479 nus
521 447 658 492 1577,
690 446 736 480 et
758 434 931 480 venalis
955 450 1047 479 esse
1072 433 1242 478 dicitur
1261 450 1333 494 ap.
1356 433 1484 480 Guil.

397 497 674 548 Hertmann,
698 499 783 560 qui
802 499 875 544 ed.
898 499 1094 559 partitus
1117 498 1317 544 videtur.

397 564 630 625 Lugduni,
655 581 726 625 ap.
742 563 851 610 Ant.
874 564 1156 626 Gryphium.
1176 563 1217 608 8.
1239 562 1394 608 Plauti
1413 564 1486 610 Co·

397 629 584 674 moediae
601 630 859 676 XX.‘variae
875 630 990 674 lectt.
1003 645 1053 674 ac
1070 641 1193 674 notae
1212 645 1264 674 ex
1282 627 1342 672 D.
1354 628 1484 673 Lam-

401 695 489 739 bini
506 695 765 757 aliorumque
786 695 950 739 doctiss.
962 695 1151 740 virorum
1174 695 1486 739 commentariis

397 776 472 804 suo
493 777 676 823 quaeque
695 761 778 805 loco
797 759 1047 822 adscriptae.
1065 757 1284 806 Servatur
1299 758 1350 802 in
1363 757 1480 803 Bibl.

397 823 568 869 Ducali
590 824 779 885 Bipont.

397 906 468 950 ap.
488 889 607 935 Petr.
626 888 1088 936 Sant-Andreanum
1104 923 1118 946 ‚
1141 890 1183 935 8.
1203 904 1315 935 cum
1347 887 1484 934 variis

399 955 525 1000 lectt.
542 965 588 1001 et
603 956 727 1015 notis
739 955 959 1000 Lambini
972 974 982 1003 ;
1005 971 1126 1014 quae
1139 955 1216 1000 vel
1230 954 1483 1000 Geneven-

399 1019 453 1064 sis
474 1022 551 1066 vel
570 1019 976 1082 Heidelbergensis
1002 1019 1183 1064 dicitur.

397 1084 613 1133 Parisiis,
641 1084 720 1130 fol.
750 1084 1003 1142 Lambini,
1035 1101 1106 1145 ap.
1127 1084 1387 1130 Macaeurn.

397 1149 624 1212 Lugduni,
646 1167 688 1209 4.
704 1150 833 1211 apud
847 1149 1334 1205 sanct-Andreanum‚
1354 1147 1484 1194 Lam-

396 1214 512 1260 bini.
537 1215 679 1261 Ha‘ud
699 1215 877 1260 diversa
892 1214 1082 1261 videtur
1100 1231 1127 1259 a
1143 1231 1240 1275 seq.

402 1280 555 1327 Genev.
580 1297 624 1339 4.
649 1279 842 1327 Eadem.
871 1297 1015 1340 quam
1036 1278 1178 1325 refert
1195 1277 1444 1324 Fabricius.
1486 1288 1488 1290 ’

397 1347 691 1414 Antwerpiae,
728 1361 804 1407 32.
838 1346 898 1390 M.
925 1346 1031 1390 Acci
1057 1345 1210 1389 Plauti
1244 1343 1486 1388 comoediae

394 1412 568 1472 viginti.
619 1410 690 1456 Ex
729 1411 901 1472 officina
943 1408 1235 1474 Christoplzori
1271 1408 1484 1452 Plautini.

396 1474 556 1521 Editio
575 1475 798 1522 Sambuci
819 1475 1018 1537 repetita
1034 1490 1096 1519 ex
1112 1473 1259 1535 priori
1281 1471 1418 1531 1566.

396 1542 668 1606 Antwerpiae
681 1575 694 1599 ,
720 1556 736 1586 1
750 1557 789 1587 2.
806 1541 879 1587 Ex
896 1539 1167 1586 recensione
1187 1549 1235 1584 et
1253 1553 1366 1582 cum
1383 1537 1486 1582 bre·

397 1606 534 1652 vibus
558 1604 1038 1654 animadversionibus
1049 1603 1159 1661 Jani
1175 1603 1350 1648 Dousae
1364 1600 1413 1648 F.

396 1671 627 1732 Lugduni.
658 1688 726 1719 12.
749 1671 928 1719 Eadem
951 1685 1063 1715 curn
1081 1669 1240 1729 priori.

395 1734 699 1799 Francqfurti,
731 1752 747 1780 1
761 1752 798 1781 Q.
818 1751 877 1779 ex
900 1751 989 1779 rec.
1003 1733 1110 1790 Jani
1133 1733 1324 1777 Dousae.

203 1795 541 1862 (1592)Janus
580 1800 807 1845 Gruterus
844 1800 1068 1843 Plautum
1109 1797 1381 1858 castigatum
1425 1794 1486 1841 ad

397 1863 552 1909 Codd.
571 1863 801 1909 Palatinos
814 1897 827 1919 ,
858 1863 921 1907 ita
944 1861 1139 1906 edidisse
1155 1860 1350 1906 refertur
1369 1878 1395 1906 a
1410 1860 1486 1905 Fa-

396 1928 544 1975 bricio
560 1930 700 1974 etiam
720 1927 966 1973 Ernestino
979 1961 991 1982 ,
1010 1938 1059 1972 et
1071 1925 1282 1971 Harlesio
1294 1959 1306 1981 ‚
1327 1936 1382 1970 ut
1396 1925 1486 1970 Co—

393 1994 606 2040 moedias
627 1993 807 2039 actibus
826 2004 873 2037 et
895 1991 1039 2037 scenis
1055 2006 1378 2050 versuumque
1396 2005 1486 2035 nu-

396 2075 530 2104 mero
547 2059 715 2104 rectius
737 2057 1007 2103 distinxerit.
1036 2054 1132 2101 Sed
1160 2066 1330 2101 neuter
1358 2054 1486 2100 indi-

395 2134 469 2169 cat
487 2158 501 2179 ,
530 2123 614 2168 ubi
644 2135 692 2168 et
723 2139 819 2183 qua
849 2121 998 2167 forma
1028 2120 1286 2183 prodierit,
1322 2134 1489 2179 neque

395 2188 539 2233 nobis
578 2187 801 2233 credibile
817 2222 830 2244 ,
868 2186 1130 2232 Gruterum
1167 2184 1218 2229 id
1253 2182 1482 2243 temporis

387 2252 488 2315 jam
502 2252 551 2296 in
562 2251 728 2297 Plauto
744 2251 934 2298 edendo
955 2262 1190 2296 versatum
1209 2264 1323 2297 esse;
1343 2245 1480 2307 quod

395 2327 520 2362 certe
545 2316 682 2376 ipsius
703 2317 839 2362 amici
868 2328 914 2361 et
933 2315 1195 2363 laudatores
1214 2313 1364 2358 Balth.
1383 2309 1481 2356 Ve-

395 2394 562 2437 nator,
592 2380 761 2425 Consil.
786 2381 971 2441 Bipont.
1001 2378 1128 2423 Frid.
1151 2378 1310 2423 Herm.
1341 2374 1479 2436 Flay-

396 2445 562 2503 derus,
588 2445 714 2491 Prof.
731 2445 940 2508 Tubing.
967 2458 1069 2489 non
1093 2441 1364 2491 tacuissent5
1391 2454 1479 2485 un-
