1650 2826
176 204 242 241 VI

197 1225 317 1272 1472

457 192 519 239 M.
585 187 785 236 ACCI
842 187 1166 237 PLAUTI

373 301 647 363 conjunctas
675 299 818 344 habet
852 297 997 344 editio
1027 315 1056 344 s.
1081 299 1110 343 1.
1135 307 1182 343 et
1209 315 1245 344 a.
1268 296 1452 344 Verum

374 366 516 411 etiam
543 363 814 425 supervenit
838 362 1064 410 Saraceno
1085 373 1132 408 et
1154 363 1236 409 Pio
1257 363 1454 409 Buccar-

373 430 462 476 dus
491 429 699 492 Pylades,
724 427 991 485 Brixianu8‚
1019 427 1070 473 in
1097 427 1208 473 edit.
1227 427 1455 474 Brixiensi

378 495 521 553 1506,
538 494 854 554 quiPlautum
867 493 926 538 ab
939 493 1025 539 illis
1038 504 1319 553 corruptum
1339 509 1458 555 que-

373 576 477 606 rens
502 576 613 604 eum
641 558 773 604 dedit
791 558 1131 604 correctiorem.
1166 556 1362 604 Scutarii
1384 573 1460 602 re·-

377 624 646 671 censionem
678 624 936 669 aemulatus
967 634 1033 668 est
1064 621 1266 669 Adolfus
1290 623 1458 668 Mulin-

375 707 461 753 gns
483 689 779 752 Argentorati
801 689 948 746 15083
977 687 1060 733 sed
1077 686 1305 750 Pyladem
1328 702 1461 733 secu-

377 767 427 800 ta
449 765 517 800 est
544 753 656 799 edit.
679 751 935 799 Parmensis
959 767 1098 810 1510,
1128 754 1206 799 cui
1234 768 1463 799 accessere

378 819 626 865 Thaddaei
656 817 826 878 Ugoletz·
852 827 899 863 et
921 818 1056 864 Marii
1087 818 1298 884 Grapaldi
1326 818 1463 864 scho-

380 886 443 931 lia
460 919 474 940 ,
503 896 648 944 atque
679 883 871 947 Georgii
888 884 1102 932 Anselmi,
1126 891 1295 944 poetae
1328 882 1462 939 Itali,

379 948 716 1012 Epiphyllides.
746 949 927 994 Interea
942 965 1103 1009 neque
1117 947 1248 995 Valla
1267 959 1316 994 et
1332 947 1464 994 Sara-

380 1031 526 1062 cenus
541 1050 553 1070 ‚
577 1030 737 1074 neque
757 1014 862 1059 Pius
879 1015 1013 1075 prole
1031 1029 1231 1060 caruere.
1266 1014 1464 1058 Illorum

388 1082 514 1127 enim
533 1079 676 1125 editio
690 1078 887 1140 repetita
902 1079 1110 1127 Venetiis
1122 1113 1136 1137 ,
1153 1079 1234 1142 huj
1241 1095 1293 1124 us
1307 1078 1465 1123 Bono-

388 1146 493 1191 niae
514 1161 585 1190 an.
609 1160 661 1202 15
675 1160 692 1190 1
708 1160 723 1190 1
736 1179 748 1201 ‚
766 1155 813 1188 et
830 1143 1003 1189 Parisiis
1037 1160 1088 1202 15
1104 1159 1171 1204 14·

393 1211 550 1256 Veneta
573 1210 595 1254 I
611 1244 624 1267 ‚
643 1209 721 1255 fol.
750 1208 908 1255 Editio
928 1209 1157 1271 princeps.
1186 1209 1237 1254 in
1261 1210 1394 1272 cujus
1412 1209 1472 1255 fi-
1510 1233 1515 1237 ·

388 1291 450 1322 ne
465 1275 656 1337 legitur:
681 1275 915 1320 Plautinae
932 1274 1177 1320 Comoediae
1192 1273 1291 1319 XX.
1321 1274 1471 1320 Geor-

389 1341 468 1404 gio
487 1338 811 1385 Alexandrino
842 1339 1130 1386 emendatore:
1155 1340 1205 1385 de
1233 1342 1353 1405 cujus
1374 1356 1473 1384 eru-

391 1406 551 1451 ditione
568 1417 610 1450 et
629 1405 856 1466 diligentia
867 1403 1068 1470 judicent
1083 1406 1280 1466 legentes.
1294 1405 1471 1468 Impres-

391 1487 464 1516 sae
497 1487 623 1535 opera
652 1483 694 1516 et
720 1471 927 1535 impendio
951 1469 1144 1527 Joannis
1176 1468 1236 1515 de
1273 1468 1474 1514 Colonia

394 1534 744 1599 Agrippinensis
761 1547 885 1597 atque
898 1533 1144 1580 Vindelini
1161 1534 1223 1580 de
1238 1532 1380 1595 Spira.
1402 1533 1475 1578 Ve-

395 1602 525 1647 netiis
538 1600 668 1646 MCC
672 1599 932 1645 CCLXXII.
958 1599 1139 1646 Nicolao
1162 1599 1329 1645 Throno
1341 1598 1475 1644 Prin-

395 1668 487 1729 cipe
510 1666 822 1731 jucundissimo
848 1677 891 1710 et
915 1665 1018 1710 duce
1037 1665 1319 1728 felicissimm·
1359 1674 1476 1709 teste

394 1730 539 1775 Mich.
559 1730 789 1775 Maittaire
817 1730 867 1773 in
883 1728 1049 1774 Annal.
1075 1740 1257 1793 typogr.
1282 1729 1339 1773 T.
1361 1729 1406 1783 I,
1426 1745 1473 1788 p.

402 1810 427 1856 3
441 1809 509 1851 14.
545 1794 673 1839 Huic
695 1793 891 1839 editioni
913 1792 1115 1853 praefuit
1134 1793 1362 1856 Georgius
1381 1793 1477 1838 Me-

399 1859 500 1904 rula
534 1857 879 1904 Alexandrinus
913 1857 1208 1914 Statiliensis,
1243 1874 1350 1902 usus
1382 1857 1477 1902 Co·-

403 1924 508 1968 dice
531 1923 831 1980 Florentino,
862 1938 1009 1982 quem
1033 1923 1219 1984 optimo
1250 1922 1318 1967 illi
1341 1920 1479 1967 MSto

402 1988 652 2034 Camerarii
663 1987 871 2034 alludere
884 2021 897 2044 ‚
921 1987 1337 2048 deprehenderunt
1354 1986 1480 2032 Gru-

399 2064 528 2099 terus
559 2068 611 2099 ac
641 2053 996 2099 Taubmannus.
1029 2052 1104 2098 De
1133 2051 1358 2098 rarissimo
1384 2051 1478 2097 hoc

401 2117 612 2163 Merulae
641 2118 861 2179 exemplo
884 2117 996 2163 vide
1018 2116 1054 2161 F
1055 2116 1248 2180 reytagii
1274 2116 1481 2177 Appara-

403 2193 510 2228 tum
527 2182 645 2228 liter.
665 2183 710 2227 ΙΙ
728 2216 741 2239 ,
760 2199 863 2247 pag.
889 2198 941 2243 13
950 2198 973 2242 3
983 2198 1029 2239 5,
1053 2192 1100 2227 et
1116 2215 1129 2237 ‚
1151 2197 1299 2242 quem
1312 2182 1390 2226 ille
1417 2180 1479 2225 ci-

404 2258 506 2303 tat,
545 2247 832 2314 Quirinum,
867 2248 1023 2293 virum
1053 2258 1393 2307 purpuratum,
1429 2244 1480 2289 in

405 2311 674 2373 Specimine
702 2313 851 2358 variae
872 2313 1133 2358 literaturae
1159 2309 1401 2355 Brixiensis
1428 2308 1477 2353 P.

406 2377 457 2432 I,
478 2391 579 2438 pag.
610 2391 626 2420 1
657 2393 760 2438 sqq.
792 2393 910 2436 quos
938 2375 1150 2435 sequitur
1180 2376 1236 2419 cl.
1258 2373 1478 2433 Theoph.

407 2440 670 2503 Christoph.
694 2442 924 2490 Harlesius
949 2440 1001 2486 in
1022 2438 1284 2487 Introduct.
1303 2438 1352 2484 in
1378 2447 1478 2484 not.
