<?xml version="1.0" encoding="UTF-8"?>
<!DOCTYPE html PUBLIC "-//W3C//DTD XHTML 1.0 Transitional//EN"
    "http://www.w3.org/TR/xhtml1/DTD/xhtml1-transitional.dtd">
<html xmlns="http://www.w3.org/1999/xhtml" xml:lang="en" lang="en">
 <head>
  <title>
</title>
<meta http-equiv="Content-Type" content="text/html;charset=utf-8" />
  <meta name='ocr-system' content='tesseract 3.04.00' />
  <meta name='ocr-capabilities' content='ocr_page ocr_carea ocr_par ocr_line ocrx_word'/>
</head>
<body>
  <div class='ocr_page' id='page_1' title='image "./comoediaesuperst01plauuoft_0435.png"; bbox 0 0 1650 2826; ppageno 0'>
   <div class='ocr_carea' id='block_1_1' title="bbox 69 126 1398 193">
    <p class='ocr_par' dir='ltr' id='par_1_1' title="bbox 69 126 1398 193">
     <span class='ocr_line' id='line_1_1' title="bbox 69 126 1398 193; baseline -0.004 -11"><span class='ocrx_word' id='word_1_1' title='bbox 69 133 248 193; x_wconf 76' lang='lat' dir='ltr'><strong>&#39;v.58</strong></span> <span class='ocrx_word' id='word_1_2' title='bbox 428 127 715 178; x_wconf 83' lang='lat' dir='ltr'>ACTUS</span> <span class='ocrx_word' id='word_1_3' title='bbox 760 127 820 179; x_wconf 88' lang='lat' dir='ltr'><strong>V.</strong></span> <span class='ocrx_word' id='word_1_4' title='bbox 869 126 972 175; x_wconf 90' lang='lat' dir='ltr'><strong>SC.</strong></span> <span class='ocrx_word' id='word_1_5' title='bbox 1024 130 1109 175; x_wconf 93' lang='lat'><strong>11.</strong></span> <span class='ocrx_word' id='word_1_6' title='bbox 1306 130 1398 190; x_wconf 85' lang='lat'><strong>381</strong></span> 
     </span>
    </p>
   </div>
   <div class='ocr_carea' id='block_1_2' title="bbox 476 250 1397 359">
    <p class='ocr_par' dir='ltr' id='par_1_2' title="bbox 476 250 1397 359">
     <span class='ocr_line' id='line_1_2' title="bbox 476 250 1049 289; baseline -0.005 -2"><span class='ocrx_word' id='word_1_7' title='bbox 476 250 1049 289; x_wconf 72' lang='lat' dir='ltr'>NICOBULUS.</span> 
     </span>
     <span class='ocr_line' id='line_1_3' title="bbox 989 311 1397 359; baseline 0.002 -2"><span class='ocrx_word' id='word_1_8' title='bbox 989 311 1397 359; x_wconf 79' lang='lat' dir='ltr'><strong>Exotestume?</strong></span> 
     </span>
    </p>
   </div>
   <div class='ocr_carea' id='block_1_3' title="bbox 118 395 1393 1542">
    <p class='ocr_par' dir='ltr' id='par_1_3' title="bbox 118 395 1393 1542">
     <span class='ocr_line' id='line_1_4' title="bbox 165 395 1016 447; baseline 0.004 -21"><span class='ocrx_word' id='word_1_9' title='bbox 165 436 169 438; x_wconf 36' lang='grc'><strong>,</strong></span> <span class='ocrx_word' id='word_1_10' title='bbox 402 439 418 447; x_wconf 46' lang='grc'><strong>“</strong></span> <span class='ocrx_word' id='word_1_11' title='bbox 499 395 530 428; x_wconf 73' lang='grc' dir='ltr'><strong><em>Β</em></strong></span> <span class='ocrx_word' id='word_1_12' title='bbox 562 395 598 428; x_wconf 78' lang='lat' dir='ltr'>A</span> <span class='ocrx_word' id='word_1_13' title='bbox 633 397 660 429; x_wconf 88' lang='lat' dir='ltr'><strong>c</strong></span> <span class='ocrx_word' id='word_1_14' title='bbox 695 396 724 429; x_wconf 90' lang='lat' dir='ltr'><strong>c</strong></span> <span class='ocrx_word' id='word_1_15' title='bbox 760 395 795 431; x_wconf 75' lang='grc' dir='ltr'>Η</span> <span class='ocrx_word' id='word_1_16' title='bbox 828 397 849 431; x_wconf 94' lang='lat'>1</span> <span class='ocrx_word' id='word_1_17' title='bbox 885 396 909 432; x_wconf 86' lang='lat' dir='ltr'><strong>s</strong></span> <span class='ocrx_word' id='word_1_18' title='bbox 979 396 1016 430; x_wconf 90' lang='lat'><strong>1.</strong></span> 
     </span>
     <span class='ocr_line' id='line_1_5' title="bbox 122 464 1006 532; baseline -0.003 -17"><span class='ocrx_word' id='word_1_19' title='bbox 122 468 224 532; x_wconf 88' lang='lat' dir='ltr'><strong>Ego</strong></span> <span class='ocrx_word' id='word_1_20' title='bbox 241 464 437 529; x_wconf 85' lang='lat' dir='ltr'><strong>quidem</strong></span> <span class='ocrx_word' id='word_1_21' title='bbox 451 465 511 511; x_wconf 84' lang='lat' dir='ltr'><strong>ab</strong></span> <span class='ocrx_word' id='word_1_22' title='bbox 529 465 623 512; x_wconf 90' lang='lat' dir='ltr'><strong>hoc</strong></span> <span class='ocrx_word' id='word_1_23' title='bbox 640 477 765 515; x_wconf 83' lang='lat' dir='ltr'><strong>certe</strong></span> <span class='ocrx_word' id='word_1_24' title='bbox 783 465 1006 513; x_wconf 86' lang='lat' dir='ltr'><strong>exorabo.</strong></span> 
     </span>
     <span class='ocr_line' id='line_1_6' title="bbox 438 557 1090 595; baseline -0.003 -2"><span class='ocrx_word' id='word_1_25' title='bbox 438 559 471 593; x_wconf 68' lang='grc'><strong>,1</strong></span> <span class='ocrx_word' id='word_1_26' title='bbox 507 558 541 592; x_wconf 77' lang='lat'><strong>11</strong></span> <span class='ocrx_word' id='word_1_27' title='bbox 578 558 598 595; x_wconf 90' lang='lat'>1</span> <span class='ocrx_word' id='word_1_28' title='bbox 634 557 664 591; x_wconf 88' lang='lat' dir='ltr'>L</span> <span class='ocrx_word' id='word_1_29' title='bbox 701 559 734 593; x_wconf 93' lang='grc' dir='ltr'><strong>Ο</strong></span> <span class='ocrx_word' id='word_1_30' title='bbox 769 559 807 592; x_wconf 83' lang='lat' dir='ltr'>X</span> <span class='ocrx_word' id='word_1_31' title='bbox 840 558 871 592; x_wconf 78' lang='lat' dir='ltr'>E</span> <span class='ocrx_word' id='word_1_32' title='bbox 908 559 942 593; x_wconf 75' lang='lat' dir='ltr'>N</span> <span class='ocrx_word' id='word_1_33' title='bbox 979 557 1014 592; x_wconf 89' lang='lat' dir='ltr'>U</span> <span class='ocrx_word' id='word_1_34' title='bbox 1050 557 1090 593; x_wconf 81' lang='lat' dir='ltr'><strong>S.</strong></span> 
     </span>
     <span class='ocr_line' id='line_1_7' title="bbox 310 622 1393 690; baseline 0 -20"><span class='ocrx_word' id='word_1_35' title='bbox 310 684 317 690; x_wconf 90' lang='lat'>.</span> <span class='ocrx_word' id='word_1_36' title='bbox 377 622 536 670; x_wconf 86' lang='lat' dir='ltr'><strong>Immo</strong></span> <span class='ocrx_word' id='word_1_37' title='bbox 554 639 642 687; x_wconf 86' lang='lat' dir='ltr'><strong>ego</strong></span> <span class='ocrx_word' id='word_1_38' title='bbox 659 635 707 670; x_wconf 88' lang='lat' dir='ltr'><strong>te</strong></span> <span class='ocrx_word' id='word_1_39' title='bbox 726 641 838 681; x_wconf 88' lang='lat' dir='ltr'><strong>oro,</strong></span> <span class='ocrx_word' id='word_1_40' title='bbox 863 635 919 670; x_wconf 93' lang='lat' dir='ltr'><strong>ut</strong></span> <span class='ocrx_word' id='word_1_41' title='bbox 941 640 1020 669; x_wconf 91' lang='lat' dir='ltr'><strong>me</strong></span> <span class='ocrx_word' id='word_1_42' title='bbox 1039 624 1164 670; x_wconf 86' lang='lat' dir='ltr'><strong>intro</strong></span> <span class='ocrx_word' id='word_1_43' title='bbox 1180 623 1393 670; x_wconf 85' lang='lat' dir='ltr'><strong>abducas.</strong></span> 
     </span>
     <span class='ocr_line' id='line_1_8' title="bbox 455 704 1016 750; baseline 0.002 -1"><span class='ocrx_word' id='word_1_44' title='bbox 455 717 484 749; x_wconf 82' lang='lat' dir='ltr'>B</span> <span class='ocrx_word' id='word_1_45' title='bbox 519 717 555 750; x_wconf 80' lang='lat' dir='ltr'>A</span> <span class='ocrx_word' id='word_1_46' title='bbox 590 717 618 749; x_wconf 92' lang='lat' dir='ltr'><strong>c</strong></span> <span class='ocrx_word' id='word_1_47' title='bbox 653 717 682 750; x_wconf 89' lang='lat' dir='ltr'><strong>c</strong></span> <span class='ocrx_word' id='word_1_48' title='bbox 714 704 752 749; x_wconf 66' lang='lat' dir='ltr'><strong>&#39;u</strong></span> <span class='ocrx_word' id='word_1_49' title='bbox 783 717 805 750; x_wconf 93' lang='lat'>1</span> <span class='ocrx_word' id='word_1_50' title='bbox 843 716 867 750; x_wconf 88' lang='lat' dir='ltr'>s</span> <span class='ocrx_word' id='word_1_51' title='bbox 933 717 956 750; x_wconf 95' lang='lat'>1</span> <span class='ocrx_word' id='word_1_52' title='bbox 980 716 1016 750; x_wconf 91' lang='lat'><strong>1.</strong></span> 
     </span>
     <span class='ocr_line' id='line_1_9' title="bbox 121 772 456 838; baseline -0.006 -14"><span class='ocrx_word' id='word_1_53' title='bbox 121 772 356 838; x_wconf 72' lang='lat' dir='ltr'><strong>Lepidum</strong></span> <span class='ocrx_word' id='word_1_54' title='bbox 378 786 427 822; x_wconf 88' lang='lat' dir='ltr'><strong>te</strong></span> <span class='ocrx_word' id='word_1_55' title='bbox 445 777 456 822; x_wconf 92' lang='lat'>!</span> 
     </span>
     <span class='ocr_line' id='line_1_10' title="bbox 339 866 1085 901; baseline 0.001 -1"><span class='ocrx_word' id='word_1_56' title='bbox 339 866 1085 901; x_wconf 45' lang='lat' dir='ltr'><strong>*PnlLoxlznus</strong></span> 
     </span>
     <span class='ocr_line' id='line_1_11' title="bbox 205 932 1393 996; baseline 0.002 -15"><span class='ocrx_word' id='word_1_57' title='bbox 205 956 209 959; x_wconf 94' lang='lat'>·</span> <span class='ocrx_word' id='word_1_58' title='bbox 253 932 320 981; x_wconf 89' lang='lat' dir='ltr'><strong>At</strong></span> <span class='ocrx_word' id='word_1_59' title='bbox 334 934 443 981; x_wconf 88' lang='lat' dir='ltr'><strong>scin’</strong></span> <span class='ocrx_word' id='word_1_60' title='bbox 456 968 472 992; x_wconf 88' lang='lat'>‚</span> <span class='ocrx_word' id='word_1_61' title='bbox 489 950 590 995; x_wconf 92' lang='lat' dir='ltr'><strong>quo</strong></span> <span class='ocrx_word' id='word_1_62' title='bbox 606 946 745 996; x_wconf 87' lang='lat' dir='ltr'><strong>pacto</strong></span> <span class='ocrx_word' id='word_1_63' title='bbox 766 951 845 980; x_wconf 91' lang='lat' dir='ltr'><strong>me</strong></span> <span class='ocrx_word' id='word_1_64' title='bbox 866 935 927 980; x_wconf 90' lang='lat' dir='ltr'><strong>ad</strong></span> <span class='ocrx_word' id='word_1_65' title='bbox 944 946 992 981; x_wconf 92' lang='lat' dir='ltr'><strong>te</strong></span> <span class='ocrx_word' id='word_1_66' title='bbox 1014 935 1140 981; x_wconf 82' lang='lat' dir='ltr'><strong>intro</strong></span> <span class='ocrx_word' id='word_1_67' title='bbox 1158 935 1393 983; x_wconf 84' lang='lat' dir='ltr'><strong>abducas?</strong></span> 
     </span>
     <span class='ocr_line' id='line_1_12' title="bbox 471 1028 1046 1063; baseline 0 -1"><span class='ocrx_word' id='word_1_68' title='bbox 471 1029 501 1062; x_wconf 80' lang='grc' dir='ltr'><strong><em>Β</em></strong></span> <span class='ocrx_word' id='word_1_69' title='bbox 540 1029 575 1062; x_wconf 77' lang='grc' dir='ltr'><strong>Α</strong></span> <span class='ocrx_word' id='word_1_70' title='bbox 608 1029 637 1062; x_wconf 89' lang='lat' dir='ltr'><strong>c</strong></span> <span class='ocrx_word' id='word_1_71' title='bbox 674 1030 702 1062; x_wconf 91' lang='lat' dir='ltr'><strong>c</strong></span> <span class='ocrx_word' id='word_1_72' title='bbox 736 1029 771 1063; x_wconf 77' lang='grc' dir='ltr'><strong>Η</strong></span> <span class='ocrx_word' id='word_1_73' title='bbox 805 1029 827 1062; x_wconf 94' lang='lat'>1</span> <span class='ocrx_word' id='word_1_74' title='bbox 863 1028 887 1062; x_wconf 93' lang='lat' dir='ltr'><strong>s</strong></span> <span class='ocrx_word' id='word_1_75' title='bbox 953 1029 974 1062; x_wconf 93' lang='lat'>1</span> <span class='ocrx_word' id='word_1_76' title='bbox 1010 1029 1046 1062; x_wconf 87' lang='lat'><strong>1.</strong></span> 
     </span>
     <span class='ocr_line' id='line_1_13' title="bbox 1013 1096 1390 1144; baseline 0.005 -2"><span class='ocrx_word' id='word_1_77' title='bbox 1013 1096 1207 1143; x_wconf 88' lang='lat' dir='ltr'><strong>Mecum</strong></span> <span class='ocrx_word' id='word_1_78' title='bbox 1236 1107 1294 1143; x_wconf 89' lang='lat' dir='ltr'><strong>ut</strong></span> <span class='ocrx_word' id='word_1_79' title='bbox 1321 1098 1390 1144; x_wconf 86' lang='lat' dir='ltr'><strong>sis.</strong></span> 
     </span>
     <span class='ocr_line' id='line_1_14' title="bbox 438 1178 1081 1215; baseline 0.005 -4"><span class='ocrx_word' id='word_1_80' title='bbox 438 1178 469 1212; x_wconf 71' lang='grc' dir='ltr'><strong>ι’</strong></span> <span class='ocrx_word' id='word_1_81' title='bbox 505 1178 539 1211; x_wconf 79' lang='lat' dir='ltr'><strong>n</strong></span> <span class='ocrx_word' id='word_1_82' title='bbox 573 1179 594 1211; x_wconf 92' lang='lat'>1</span> <span class='ocrx_word' id='word_1_83' title='bbox 629 1179 659 1212; x_wconf 90' lang='lat'><strong>1.</strong></span> <span class='ocrx_word' id='word_1_84' title='bbox 694 1179 727 1212; x_wconf 90' lang='lat' dir='ltr'>o</span> <span class='ocrx_word' id='word_1_85' title='bbox 762 1179 800 1213; x_wconf 83' lang='lat' dir='ltr'><strong>x</strong></span> <span class='ocrx_word' id='word_1_86' title='bbox 833 1179 863 1212; x_wconf 82' lang='lat' dir='ltr'><strong>E</strong></span> <span class='ocrx_word' id='word_1_87' title='bbox 898 1181 933 1214; x_wconf 71' lang='lat' dir='ltr'>N</span> <span class='ocrx_word' id='word_1_88' title='bbox 969 1181 1003 1213; x_wconf 77' lang='lat' dir='ltr'><strong>u</strong></span> <span class='ocrx_word' id='word_1_89' title='bbox 1041 1182 1081 1215; x_wconf 92' lang='lat' dir='ltr'><strong>s.</strong></span> 
     </span>
     <span class='ocr_line' id='line_1_15' title="bbox 119 1232 1016 1309; baseline 0.002 -17"><span class='ocrx_word' id='word_1_90' title='bbox 119 1245 298 1293; x_wconf 88' lang='lat' dir='ltr'><strong>Omnia</strong></span> <span class='ocrx_word' id='word_1_91' title='bbox 324 1232 448 1308; x_wconf 86' lang='lat' dir='ltr'><strong>quae</strong></span> <span class='ocrx_word' id='word_1_92' title='bbox 475 1247 618 1309; x_wconf 92' lang='lat' dir='ltr'><strong>cupio</strong></span> <span class='ocrx_word' id='word_1_93' title='bbox 639 1281 653 1304; x_wconf 84' lang='lat'>‚</span> <span class='ocrx_word' id='word_1_94' title='bbox 682 1263 1016 1294; x_wconf 87' lang='lat' dir='ltr'><strong>conmemoras.</strong></span> 
     </span>
     <span class='ocr_line' id='line_1_16' title="bbox 454 1341 1030 1376; baseline 0 -1"><span class='ocrx_word' id='word_1_95' title='bbox 454 1344 488 1376; x_wconf 75' lang='lat' dir='ltr'>N</span> <span class='ocrx_word' id='word_1_96' title='bbox 524 1342 545 1374; x_wconf 91' lang='lat'>1</span> <span class='ocrx_word' id='word_1_97' title='bbox 583 1343 609 1375; x_wconf 88' lang='lat' dir='ltr'>c</span> <span class='ocrx_word' id='word_1_98' title='bbox 647 1342 679 1375; x_wconf 93' lang='lat' dir='ltr'>o</span> <span class='ocrx_word' id='word_1_99' title='bbox 718 1341 746 1374; x_wconf 85' lang='grc' dir='ltr'>Β</span> <span class='ocrx_word' id='word_1_100' title='bbox 784 1341 820 1374; x_wconf 85' lang='lat' dir='ltr'><strong><em>U</em></strong></span> <span class='ocrx_word' id='word_1_101' title='bbox 853 1343 885 1376; x_wconf 78' lang='lat'><strong>1,</strong></span> <span class='ocrx_word' id='word_1_102' title='bbox 920 1342 954 1375; x_wconf 82' lang='lat' dir='ltr'>U</span> <span class='ocrx_word' id='word_1_103' title='bbox 992 1342 1030 1375; x_wconf 91' lang='lat' dir='ltr'><strong>s.</strong></span> 
     </span>
     <span class='ocr_line' id='line_1_17' title="bbox 923 1408 1388 1474; baseline 0.011 -19"><span class='ocrx_word' id='word_1_104' title='bbox 923 1408 1037 1455; x_wconf 89' lang='lat' dir='ltr'><strong>Vidi</strong></span> <span class='ocrx_word' id='word_1_105' title='bbox 1063 1426 1150 1474; x_wconf 87' lang='lat' dir='ltr'><strong>ego</strong></span> <span class='ocrx_word' id='word_1_106' title='bbox 1179 1428 1388 1474; x_wconf 86' lang='lat' dir='ltr'><strong>nequam</strong></span> 
     </span>
     <span class='ocr_line' id='line_1_18' title="bbox 118 1480 1226 1542; baseline 0.002 -15"><span class='ocrx_word' id='word_1_107' title='bbox 118 1481 375 1542; x_wconf 86' lang='lat' dir='ltr'><strong>Homines,</strong></span> <span class='ocrx_word' id='word_1_108' title='bbox 394 1498 564 1529; x_wconf 89' lang='lat' dir='ltr'><strong>verum</strong></span> <span class='ocrx_word' id='word_1_109' title='bbox 591 1492 640 1527; x_wconf 87' lang='lat' dir='ltr'><strong>te</strong></span> <span class='ocrx_word' id='word_1_110' title='bbox 661 1480 905 1527; x_wconf 87' lang='lat' dir='ltr'><strong>neminem</strong></span> <span class='ocrx_word' id='word_1_111' title='bbox 932 1482 1226 1529; x_wconf 86' lang='lat' dir='ltr'><strong>deteriorem.</strong></span> 
     </span>
    </p>
   </div>
   <div class='ocr_carea' id='block_1_4' title="bbox 433 1575 1384 1684">
    <p class='ocr_par' dir='ltr' id='par_1_4' title="bbox 433 1575 1384 1684">
     <span class='ocr_line' id='line_1_19' title="bbox 433 1575 1072 1608; baseline 0 -1"><span class='ocrx_word' id='word_1_112' title='bbox 433 1575 1072 1608; x_wconf 81' lang='lat' dir='ltr'><strong>PHILOXENUS.</strong></span> 
     </span>
     <span class='ocr_line' id='line_1_20' title="bbox 1173 1637 1384 1684; baseline 0.009 -2"><span class='ocrx_word' id='word_1_113' title='bbox 1173 1637 1384 1684; x_wconf 85' lang='lat' dir='ltr'><strong>Itasum.</strong></span> 
     </span>
    </p>
   </div>
   <div class='ocr_carea' id='block_1_5' title="bbox 117 1712 1383 1992">
    <p class='ocr_par' dir='ltr' id='par_1_5' title="bbox 117 1712 1383 1992">
     <span class='ocr_line' id='line_1_21' title="bbox 487 1712 1003 1747; baseline 0 -2"><span class='ocrx_word' id='word_1_114' title='bbox 487 1712 518 1745; x_wconf 83' lang='grc' dir='ltr'><strong><em>Β</em></strong></span> <span class='ocrx_word' id='word_1_115' title='bbox 553 1713 589 1747; x_wconf 77' lang='lat' dir='ltr'>A</span> <span class='ocrx_word' id='word_1_116' title='bbox 624 1713 651 1745; x_wconf 90' lang='lat' dir='ltr'><strong>c</strong></span> <span class='ocrx_word' id='word_1_117' title='bbox 686 1713 714 1746; x_wconf 87' lang='lat' dir='ltr'><strong>c</strong></span> <span class='ocrx_word' id='word_1_118' title='bbox 748 1714 783 1747; x_wconf 82' lang='lat'><strong>11</strong></span> <span class='ocrx_word' id='word_1_119' title='bbox 816 1715 839 1747; x_wconf 92' lang='lat'>1</span> <span class='ocrx_word' id='word_1_120' title='bbox 873 1712 897 1747; x_wconf 88' lang='lat' dir='ltr'>S</span> <span class='ocrx_word' id='word_1_121' title='bbox 966 1713 1003 1746; x_wconf 91' lang='lat'><strong>1.</strong></span> 
     </span>
     <span class='ocr_line' id='line_1_22' title="bbox 117 1786 1383 1853; baseline 0.006 -21"><span class='ocrx_word' id='word_1_122' title='bbox 117 1786 166 1845; x_wconf 85' lang='grc' dir='ltr'><strong>Ι,</strong></span> <span class='ocrx_word' id='word_1_123' title='bbox 184 1788 201 1832; x_wconf 94' lang='lat' dir='ltr'><strong>i</strong></span> <span class='ocrx_word' id='word_1_124' title='bbox 217 1788 303 1834; x_wconf 87' lang='lat' dir='ltr'><strong>hac</strong></span> <span class='ocrx_word' id='word_1_125' title='bbox 319 1803 510 1833; x_wconf 91' lang='lat' dir='ltr'><strong>mecum</strong></span> <span class='ocrx_word' id='word_1_126' title='bbox 533 1788 683 1846; x_wconf 82' lang='lat' dir='ltr'><strong>intro,</strong></span> <span class='ocrx_word' id='word_1_127' title='bbox 702 1789 787 1835; x_wconf 92' lang='lat' dir='ltr'><strong>ubi</strong></span> <span class='ocrx_word' id='word_1_128' title='bbox 804 1790 893 1836; x_wconf 91' lang='lat' dir='ltr'><strong>tibi</strong></span> <span class='ocrx_word' id='word_1_129' title='bbox 912 1790 970 1836; x_wconf 89' lang='lat' dir='ltr'><strong>sit</strong></span> <span class='ocrx_word' id='word_1_130' title='bbox 984 1789 1142 1853; x_wconf 89' lang='lat' dir='ltr'><strong>lepide</strong></span> <span class='ocrx_word' id='word_1_131' title='bbox 1163 1791 1383 1851; x_wconf 86' lang='lat' dir='ltr'><strong>victibus,</strong></span> 
     </span>
     <span class='ocr_line' id='line_1_23' title="bbox 365 1866 937 1928; baseline 0.009 -22"><span class='ocrx_word' id='word_1_132' title='bbox 365 1876 480 1926; x_wconf 71' lang='lat' dir='ltr'><strong>vum</strong></span> <span class='ocrx_word' id='word_1_133' title='bbox 501 1872 647 1923; x_wconf 84' lang='lat' dir='ltr'><strong>atque</strong></span> <span class='ocrx_word' id='word_1_134' title='bbox 670 1866 937 1928; x_wconf 89' lang='lat' dir='ltr'><strong>unguentis.</strong></span> 
     </span>
     <span class='ocr_line' id='line_1_24' title="bbox 465 1955 1032 1992; baseline 0.009 -5"><span class='ocrx_word' id='word_1_135' title='bbox 465 1955 498 1987; x_wconf 76' lang='lat' dir='ltr'>N</span> <span class='ocrx_word' id='word_1_136' title='bbox 533 1956 554 1988; x_wconf 93' lang='lat'>1</span> <span class='ocrx_word' id='word_1_137' title='bbox 589 1958 616 1989; x_wconf 85' lang='lat' dir='ltr'><strong>c</strong></span> <span class='ocrx_word' id='word_1_138' title='bbox 653 1957 684 1989; x_wconf 95' lang='lat' dir='ltr'>o</span> <span class='ocrx_word' id='word_1_139' title='bbox 719 1958 748 1989; x_wconf 86' lang='lat' dir='ltr'>B</span> <span class='ocrx_word' id='word_1_140' title='bbox 786 1958 820 1989; x_wconf 85' lang='lat' dir='ltr'><strong>U</strong></span> <span class='ocrx_word' id='word_1_141' title='bbox 856 1959 887 1991; x_wconf 85' lang='lat' dir='ltr'>L</span> <span class='ocrx_word' id='word_1_142' title='bbox 922 1958 958 1991; x_wconf 83' lang='lat' dir='ltr'>U</span> <span class='ocrx_word' id='word_1_143' title='bbox 995 1958 1032 1992; x_wconf 90' lang='lat' dir='ltr'><strong>s.</strong></span> 
     </span>
    </p>
   </div>
   <div class='ocr_carea' id='block_1_6' title="bbox 111 2018 1380 2441">
    <p class='ocr_par' dir='ltr' id='par_1_6' title="bbox 112 2018 1380 2156">
     <span class='ocr_line' id='line_1_25' title="bbox 112 2018 1380 2091; baseline 0.008 -25"><span class='ocrx_word' id='word_1_144' title='bbox 112 2018 255 2078; x_wconf 87' lang='lat' dir='ltr'><strong>Satis,</strong></span> <span class='ocrx_word' id='word_1_145' title='bbox 274 2021 375 2067; x_wconf 86' lang='lat' dir='ltr'><strong>satis</strong></span> <span class='ocrx_word' id='word_1_146' title='bbox 394 2022 494 2085; x_wconf 84' lang='lat' dir='ltr'><strong>jam</strong></span> <span class='ocrx_word' id='word_1_147' title='bbox 522 2023 669 2069; x_wconf 84' lang='lat' dir='ltr'>vostri</span> <span class='ocrx_word' id='word_1_148' title='bbox 685 2024 739 2068; x_wconf 89' lang='lat' dir='ltr'><strong>’st</strong></span> <span class='ocrx_word' id='word_1_149' title='bbox 769 2025 986 2071; x_wconf 88' lang='lat' dir='ltr'><strong>convivi:</strong></span> <span class='ocrx_word' id='word_1_150' title='bbox 1012 2042 1090 2072; x_wconf 89' lang='lat' dir='ltr'><strong>me</strong></span> <span class='ocrx_word' id='word_1_151' title='bbox 1120 2028 1239 2074; x_wconf 85' lang='lat' dir='ltr'>nihil</span> <span class='ocrx_word' id='word_1_152' title='bbox 1263 2046 1380 2091; x_wconf 82' lang='lat' dir='ltr'><strong>poe-</strong></span> 
     </span>
     <span class='ocr_line' id='line_1_26' title="bbox 361 2093 960 2156; baseline 0.007 -19"><span class='ocrx_word' id='word_1_153' title='bbox 361 2093 508 2150; x_wconf 89' lang='lat' dir='ltr'><strong>nitet,</strong></span> <span class='ocrx_word' id='word_1_154' title='bbox 541 2105 596 2139; x_wconf 89' lang='lat' dir='ltr'><strong>ut</strong></span> <span class='ocrx_word' id='word_1_155' title='bbox 620 2094 707 2140; x_wconf 86' lang='lat' dir='ltr'><strong>sim</strong></span> <span class='ocrx_word' id='word_1_156' title='bbox 731 2106 960 2156; x_wconf 57' lang='lat' dir='ltr'><strong>acceptu&amp;</strong></span> 
     </span>
    </p>

    <p class='ocr_par' dir='ltr' id='par_1_7' title="bbox 113 2164 1378 2299">
     <span class='ocr_line' id='line_1_27' title="bbox 113 2164 1378 2239; baseline 0.01 -28"><span class='ocrx_word' id='word_1_157' title='bbox 113 2164 482 2235; x_wconf 77' lang='lat' dir='ltr'><strong>Quadringentis</strong></span> <span class='ocrx_word' id='word_1_158' title='bbox 517 2169 743 2231; x_wconf 88' lang='lat' dir='ltr'><strong>Philippis</strong></span> <span class='ocrx_word' id='word_1_159' title='bbox 774 2170 896 2216; x_wconf 84' lang='lat' dir='ltr'><strong>filius</strong></span> <span class='ocrx_word' id='word_1_160' title='bbox 931 2189 1012 2219; x_wconf 88' lang='lat' dir='ltr'><strong>me</strong></span> <span class='ocrx_word' id='word_1_161' title='bbox 1046 2185 1095 2222; x_wconf 91' lang='lat' dir='ltr'><strong>et</strong></span> <span class='ocrx_word' id='word_1_162' title='bbox 1131 2175 1378 2239; x_wconf 79' lang='lat' dir='ltr'><strong>Chrysalus</strong></span> 
     </span>
     <span class='ocr_line' id='line_1_28' title="bbox 360 2241 800 2299; baseline 0.005 -13"><span class='ocrx_word' id='word_1_163' title='bbox 360 2241 800 2299; x_wconf 83' lang='lat' dir='ltr'><strong>circumduxerunt,</strong></span> 
     </span>
    </p>

    <p class='ocr_par' dir='ltr' id='par_1_8' title="bbox 112 2312 1142 2381">
     <span class='ocr_line' id='line_1_29' title="bbox 112 2312 1142 2381; baseline 0.009 -23"><span class='ocrx_word' id='word_1_164' title='bbox 112 2312 273 2380; x_wconf 75' lang='lat' dir='ltr'><strong>Quem</strong></span> <span class='ocrx_word' id='word_1_165' title='bbox 296 2315 495 2375; x_wconf 87' lang='lat' dir='ltr'><strong>quidem</strong></span> <span class='ocrx_word' id='word_1_166' title='bbox 525 2332 611 2380; x_wconf 89' lang='lat' dir='ltr'><strong>ego</strong></span> <span class='ocrx_word' id='word_1_167' title='bbox 640 2327 695 2362; x_wconf 90' lang='lat' dir='ltr'><strong>ut</strong></span> <span class='ocrx_word' id='word_1_168' title='bbox 722 2332 823 2363; x_wconf 90' lang='lat' dir='ltr'><strong>non</strong></span> <span class='ocrx_word' id='word_1_169' title='bbox 850 2319 1112 2368; x_wconf 84' lang='lat' dir='ltr'><strong>excruciem</strong></span> <span class='ocrx_word' id='word_1_170' title='bbox 1126 2356 1142 2381; x_wconf 94' lang='lat'>,</span> 
     </span>
    </p>

    <p class='ocr_par' dir='ltr' id='par_1_9' title="bbox 111 2384 1046 2441">
     <span class='ocr_line' id='line_1_30' title="bbox 111 2384 1046 2441; baseline 0.011 -11"><span class='ocrx_word' id='word_1_171' title='bbox 111 2384 327 2437; x_wconf 76' lang='lat' dir='ltr'><strong>Alterum</strong></span> <span class='ocrx_word' id='word_1_172' title='bbox 354 2401 542 2439; x_wconf 84' lang='lat' dir='ltr'><strong>tantum</strong></span> <span class='ocrx_word' id='word_1_173' title='bbox 568 2390 667 2439; x_wconf 82' lang='lat' dir='ltr'><strong>auri</strong></span> <span class='ocrx_word' id='word_1_174' title='bbox 691 2406 791 2439; x_wconf 89' lang='lat' dir='ltr'><strong>non</strong></span> <span class='ocrx_word' id='word_1_175' title='bbox 818 2404 1046 2441; x_wconf 69' lang='lat' dir='ltr'><strong>meream·</strong></span> 
     </span>
    </p>
   </div>
  </div>
 </body>
</html>
