1650 2826
134 205 233 248 v.5
373 182 813 234 ACTUSII.
861 181 961 229 SC.
1013 183 1134 229 111.
1308 185 1397 246 483

134 293 259 348 Nam
298 292 383 339 ubi
422 308 553 338 amor
593 283 957 337 condimentum
997 291 1137 338 inerit
1156 325 1171 349 ,
1210 293 1404 353 quoivis

382 363 667 426 placiturum
699 363 852 410 credo.

134 436 307 499 Neque
336 437 533 494 salsum,
565 452 726 497 neque
762 453 902 483 suave
940 454 1032 483 esse
1068 449 1226 499 potest
1259 438 1403 500 quid-

383 524 559 569 quam,
587 509 671 554 ubi
702 525 834 555 amor
855 525 956 555 non
985 510 1277 558 admiscetur.

61 613 69 619 -
133 581 216 627 Fel
243 580 378 642 quod
405 597 617 627 amarum
645 583 728 639 'st‚
758 582 809 627 id
836 583 933 628 mel
957 582 1123 628 faciet:
1154 585 1402 632 hominem

383 669 443 700 ex
465 654 580 699 tristi
599 654 815 714 lepidum
836 666 884 700 et
906 655 1079 700 lenem.

132 726 268 774 Hanc
300 745 386 793 ego
422 728 482 774 de
507 745 587 774 me
610 730 928 792 conjecturam
961 728 1093 775 domi
1125 728 1272 788 facio,
1289 743 1404 778 'ma-⁴

378 803 444 866 gis
467 818 612 862 quam
643 817 703 846 ex
731 800 914 855 auditis.

131 869 232 944 Qui
247 886 504 938 postquam
530 892 638 922 amo
661 875 873 921 Casinam
887 909 901 932 ‚
923 876 1067 939 magis
1091 876 1228 922 initio
1256 889 1402 925 mun-

380 947 504 992 ditiis
535 946 823 992 munditiam
856 947 1062 994 antideo.

132 1018 402 1082 Myropolas
425 1035 589 1065 omnes
621 1018 801 1065 solicito
818 1052 833 1075 ,
861 1018 1159 1079 ubicumque
1188 1031 1255 1066 est
1282 1022 1402 1083 lepi-

382 1086 501 1146 dum
529 1100 831 1154 unguentum
847 1121 861 1144 ,
886 1105 1066 1152 ungor,

133 1162 198 1208 Ut
227 1162 549 1221 illitplaceam.
583 1172 631 1205 et
658 1162 820 1221 placeo
836 1194 851 1217 ,
872 1172 927 1209 ut
954 1161 1133 1208 videor.
1169 1162 1251 1208 sed
1279 1180 1401 1210 uxot

381 1250 460 1281 me
481 1233 712 1279 excruciat
730 1267 744 1289 ,
768 1233 878 1292 quia
896 1234 1026 1279 vivit.

3 1315 18 1361 ἃ»
63 1336 65 1341 .
119 1306 340 1352 ‘Tristem
358 1315 500 1350 astare
522 1305 706 1365 aspicio.
737 1304 910 1350 blande
930 1305 1043 1351 haec
1061 1305 1181 1351 mihi
1196 1310 1318 1354 mala
1332 1324 1401 1355 res

383 1377 660 1439 appellanda
676 1379 742 1424 ’st.

134 1453 265 1500 Uxor
283 1469 389 1499 mea
403 1487 417 1510 ,
437 1469 639 1512 meaque
662 1453 941 1498 amoenitas!
966 1452 1086 1513 quid
1101 1462 1156 1498 tu
1175 1453 1266 1516 agis
1280 1453 1303 1499 Ξ)

452 1551 1092 1586 CLEOSTR-ATA.

675 1621 799 1678 Abi,
814 1633 963 1683 atque
990 1622 1168 1668 abstine
1186 1640 1397 1671 manum.

544 1713 568 1746 s
604 1714 635 1746 Τ
670 1715 704 1747 A
739 1715 769 1747 L
804 1716 825 1748 1
860 1717 893 1748 Ν
935 1716 982 1748 o.

134 1782 217 1828 Eia
250 1797 356 1826 mea
382 1780 542 1839 juno!
576 1797 678 1826 non
712 1781 846 1828 decet
879 1795 927 1829 te
961 1800 1053 1830 esse
1085 1795 1186 1831 tam
1221 1785 1397 1832 tristem

383 1865 469 1900 tuo
487 1854 609 1912 Jovi.

135 1928 250 1997 Quo
271 1942 402 1973 nunc
430 1927 560 1972 abis?
781 1972 806 1997 0

437 2021 463 2052 c
499 2019 528 2051 1.
564 2020 593 2052 Ε
629 2019 661 2052 o
699 2019 722 2052 s
758 2019 789 2051 T
822 2020 858 2053 R
892 2018 926 2051 A
961 2019 992 2052 Τ
1026 2020 1074 2053 A.

419 2086 557 2132 Mitte
588 2103 678 2131 me.

552 2172 574 2205 s
611 2172 642 2204 T
677 2171 712 2204 A
746 2172 776 2204 L
810 2172 832 2204 1
866 2172 901 2205 Ν
939 2172 988 2204 ο.

581 2243 735 2288 Mane.

450 2337 477 2369 c
511 2334 542 2367 1.
578 2333 607 2366 E
649 2335 680 2366 o
720 2333 742 2366 s
780 2333 810 2366 T
846 2336 879 2368 R
914 2334 948 2366 A
985 2335 1016 2367 T
1050 2334 1099 2369 A.

647 2401 759 2448 Non
782 2396 964 2450 maneo.

1052 2476 1205 2524 Hh2
