1650 2826
277 201 363 247 128
573 243 582 255 ,
677 193 1271 249 Λ”51ΝΑΒΙΑ.’
1427 225 1551 269 v.25

266 304 430 367 Atque
466 321 622 352 eccam
644 339 658 362 ,
689 305 925 353 inlecebra
963 309 1060 355 exit
1100 309 1327 360 tandem:
1370 313 1545 373 opinor

520 379 598 424 hic
630 390 737 424 ante
768 379 942 426 ostium

269 461 381 507 Meo
414 461 563 507 modo
594 462 763 522 loquar
795 477 916 523 quae
939 464 1127 521 volam,
1160 465 1393 526 quoniam
1421 467 1548 514 intus

521 553 622 582 non
651 535 836 583 licitum
864 538 917 582 'st
941 538 1073 584 mihi.

597 688 976 737 SCENA
1058 691 1213 739 III.

370 848 867 887 CLEAERETA,
919 849 1450 892 ARGYRIPPUS.

621 957 1200 992 CLEAERETA.

212 1015 237 1041 Ο

271 1040 830 1167 UNUMQUODQUE
867 1106 1066 1153 istorum
1092 1107 1297 1153 verbum
1337 1109 1546 1155 nummis

524 1175 782 1237 Philippeis
813 1178 959 1223 aureis

267 1255 381 1302 Non
418 1265 574 1317 potest
606 1253 785 1300 auferre
823 1255 934 1301 hinc
970 1273 997 1301 a
1031 1271 1140 1314 me,
1178 1257 1215 1303 si
1256 1257 1361 1319 quis
1392 1268 1545 1306 emtor

519 1329 714 1374 venerit.
783 1325 790 1332 ⁸

267 1414 532 1460 NeC‘recte
571 1403 693 1477 quae
727 1423 783 1458 tu
820 1412 871 1457 in
903 1428 989 1458 nos
1021 1412 1158 1470 dicis,
1195 1429 1366 1459 aurum
1401 1424 1545 1475 atque

522 1495 771 1548 argentum
797 1500 986 1528 merum
1009 1484 1074 1528 ’st.

266 1565 408 1611 Fixus
439 1564 516 1610 hic
550 1562 681 1624 apud
711 1579 798 1608 nos
829 1573 895 1608 est
924 1562 1108 1608 animus
1137 1573 1253 1616 tuus„
1275 1563 1410 1610 clavo
1447 1562 1543 1611 Cu]-

519 1635 705 1697 pidinis.

267 1718 483 1781 Remigio
525 1718 734 1777 veloque
776 1728 1015 1778 quantum
1054 1715 1453 1778 poteris,'festina
1494 1729 1541 1764 et

518 1788 642 1852 fuge.

269 1871 431 1940 Quam
459 1868 602 1931 magis
629 1879 676 1913 te
701 1868 751 1912 in
777 1869 927 1913 altum
957 1868 1143 1929 capessis
1160 1902 1174 1925 ,
1193 1878 1291 1914 tam
1321 1881 1479 1917 aestus.
1496 1879 1539 1915 te

520 1941 571 1986 in
595 1951 792 2002 portum
828 1940 979 1987 refert.

576 2055 1216 2092 ARGYRIPPUS.

266 2147 367 2210 Ego
396 2150 481 2208 pol
511 2148 653 2194 istum
684 2149 964 2210 portitorem
992 2149 1188 2211 privabo
1222 2149 1441 2211 portorio.
1510 2134 1515 2140 ’

264 2226 366 2290 Ego
398 2237 445 2272 te
477 2227 647 2273 dehinc
664 2263 677 2284 ,
707 2239 763 2274 ut
792 2228 957 2274 merita
991 2245 1036 2273 es
1065 2227 1123 2273 de
1147 2244 1226 2273 me
1255 2239 1302 2274 et
1328 2244 1431 2273 mea
1455 2245 1502 2275 re
1520 2263 1534 2286 ,

517 2311 708 2347 tractare
741 2318 993 2363 exsequar:

266 2377 435 2448 Quom
472 2390 527 2425 tu
562 2397 669 2438 me,
711 2393 767 2427 ut
800 2382 993 2428 meritus
1031 2399 1163 2439 sum,
1185 2364 1304 2428 ’non
1340 2392 1499 2429 tractas
1518 2416 1533 2438 ,

516 2467 638 2512 quae
670 2454 789 2518 ejicis
825 2454 984 2500 domo.
