1650 2826
503 193 1124 252 EDITIONES.
1284 202 1452 241 xxvn

374 310 438 359 'de
461 325 549 358 nec
572 310 622 355 in
642 307 805 355 Indice
835 321 1041 369 operum
1069 305 1194 368 ejus,
1210 299 1335 349 binis
1360 302 1455 346 istis

376 385 511 424 oratt.
535 390 658 436 quae
675 372 864 421 Gruteri
883 371 1071 418 Excuoe.
1093 369 1229 430 polit.
1247 368 1298 413 in
1315 366 1456 412 Taci-

291 442 299 448 ”
369 451 477 488 tum
496 441 717 501 notisque
729 437 931 500 politicis
944 437 995 482 in
1008 434 1199 482 Livium
1215 448 1275 479 ex
1284 433 1455 477 Museo

372 505 495 552 Chri.
514 505 635 550 Frid.
650 502 1010 550 Franckenstein
1033 500 1168 546 editis
1185 498 1307 559 Lips.
1332 498 1455 555 1679

376 585 562 616 recusae
588 570 844 634 leguntur,
874 566 1062 630 adjecto
1092 563 1362 625 quidquam
1393 560 1457 607 de

372 634 455 680 tali
494 635 701 681 editione
741 643 1048 679 memoratur.
1094 628 1321 690 Denique
1354 627 1455 687 ipse

375 698 601 745 Gruterus
633 699 721 745 sub
756 698 900 743 finem
932 694 1229 758 praefationis
1266 691 1456 738 dedica-

369 764 545 820 toriae,
572 762 769 811 editioni
799 778 909 809 suae
936 761 1090 807 Plauti
1127 775 1240 806 cum
1264 757 1458 803 Comm.

371 829 676 876 Taubmanni
686 845 725 874 a.
739 843 758 873 1
767 828 824 874 62
837 842 854 872 1
867 826 1155 888 praemissae,
1163 823 1457 884 scriptaeque

373 893 578 952 Kal.Jan.
597 893 736 951 1620,
747 893 811 940 de
823 908 871 938 se
880 891 1152 954 profitetur:
1169 891 1283 934 Ante
1300 889 1458 948 trigin-

378 971 427 1004 ta
446 959 612 1022 quidem
641 975 775 1006 annos
796 959 935 1018 (cum
952 955 1111 1003 ederet
1128 952 1456 1014 suspicionum

373 1023 543 1086 libros)
568 1040 649 1070 non
668 1023 900 1084 indiligens
902 1021 1085 1086 fueram
1107 1021 1152 1067 in
1175 1018 1301 1085 hujus
1318 1016 1459 1061 Fabu-

376 1088 459 1138 lis,
487 1089 704 1151 multaque
723 1090 896 1134 minime
923 1087 1116 1151 protrita
1144 1084 1203 1130 ad
1229 1099 1300 1129 eas
1327 1097 1459 1126 anno-

377 1165 593 1201 taveram,
619 1169 673 1198 ex
690 1153 816 1198 MSS.
850 1169 902 1199 ex
924 1150 1030 1198 Edd.
1061 1150 1168 1196 Vett.
1198 1166 1251 1194 ex
1278 1147 1456 1192 cimeliis

379 1218 735 1265 benevolentium:
756 1217 832 1263 sed
850 1219 916 1264 ita
941 1228 991 1261 ut
1012 1217 1057 1262 in
1069 1210 1460 1279 publicumprodu-

379 1284 423 1328 ci
438 1299 519 1329 non
537 1294 737 1346 parerem
758 1284 920 1329 veritus
936 1291 1021 1328 ete.
1050 1291 1099 1326 et
1114 1278 1460 1325 Taubmannus

379 1346 432 1393 in
447 1346 519 1394 ed.
538 1348 559 1392 I
578 1346 731 1393 Plauti
747 1346 819 1392 sui
839 1362 911 1395 an.
936 1348 1054 1404 1605
1068 1379 1084 1402 ,
1100 1344 1189 1390 sibi
1210 1360 1238 1388 a
1254 1343 1462 1389 Grutero

378 1424 515 1460 notas
549 1411 682 1458 MSS.
717 1422 1036 1473 excerptaque
1074 1425 1176 1455 non
1213 1407 1362 1453 modo
1399 1419 1460 1448 ex

304 1495 305 1498 ’
349 1476 532 1525 '‘Codd
557 1475 689 1524 MSS.
715 1477 834 1524 olim
858 1475 1133 1530 Camerarii,
1162 1488 1319 1532 nuper
1343 1470 1462 1514 Bibl-

195 1746 314 1794 1593

381 1541 523 1586 Palat.
538 1540 691 1595 illatis,
708 1541 789 1587 sed
804 1551 852 1586 et
870 1556 931 1586 ex
946 1550 1127 1599 septem
1135 1536 1350 1582 Palatinis
1366 1534 1463 1579 aliis

381 1605 435 1650 in
459 1605 588 1649 hunc
615 1619 756 1649 usum
781 1603 1057 1649 transmissas
1079 1618 1183 1647 esse.
1210 1600 1353 1645 Nulla
1375 1598 1462 1661 igi-

383 1679 461 1714 tur
479 1678 618 1714 antea
641 1667 818 1720 exstitit
831 1667 978 1713 editio
999 1666 1154 1715 Plauti
1169 1664 1462 1711 Gruteriana.

381 1733 591 1794 Lugduni
621 1732 725 1778 Bac.
766 1747 837 1779 1¹2.
859 1731 991 1792 apud
1005 1731 1264 1795 Raplaeleng.

381 1796 686 1861 Francqfurti,
722 1811 793 1844 12.
822 1796 1063 1843 Comoediae
1083 1796 1144 1841 Μ
1167 1796 1291 1841 Accii
1310 1795 1464 1840 Plauti

381 1864 541 1924 viginti
553 1862 750 1921 aJoach.
769 1862 1035 1909 Camerario
1055 1874 1097 1906 et
1109 1860 1244 1919 Joan.
1264 1859 1466 1906 Sambu-

384 1943 442 1978 co
465 1927 565 1972 olim
594 1927 863 1975 emendatae.-
895 1943 1008 1971 nunc
1032 1943 1130 1972 vero
1164 1925 1341 1970 ad’ectis
1365 1940 1464 1968 eru-

384 1992 488 2038 ditis
507 1990 558 2036 C.
576 1990 741 2053 Langii
753 2025 766 2047 ‚
786 1990 896 2036 Adr.
915 1990 1157 2046 Tmnebi,
1173 1942 1317 2035 Hladr.
1330 1987 1464 2047 Junii

384 2069 429 2102 et
447 2057 627 2101 aliorum
653 2056 870 2109 doctorum
894 2057 1084 2101 virorum
1108 2054 1465 2100 observationibus

385 2121 520 2167 nitori
542 2136 615 2170 suo
643 2121 877 2165 restitutae.
910 2118 1062 2165 Addici
1090 2130 1193 2163 sunt
1212 2119 1313 2182 plus
1333 2134 1462 2180 quam

389 2199 483 2246 300
499 2201 664 2242 versus,
689 2186 764 2247 qui
780 2185 944 2248 passim
971 2181 1330 2228 desiderabantur.
1359 2181 1464 2228 Edi-

388 2251 448 2294 tio
465 2249 612 2294 ceteris
628 2249 752 2311 longe
776 2251 1010 2294 correctior.
1025 2247 1329 2310 Francofurti,
1350 2246 1466 2310 apud

387 2311 601 2374 Joannem
629 2313 890 2361 Weclzelum,
914 2314 1119 2359 sumtibus
1147 2312 1325 2357 Nicolai
1345 2311 1462 2354 Bas-

387 2379 488 2450 sqei.
527 2377 743 2440 Repetite
768 2393 827 2427 ex
852 2377 1061 2425 editione
1081 2376 1302 2426 Sambuci
1325 2375 1465 2432 Pkanf

342 2482 353 2488 f
389 2442 574 2488 tiniam.
