1650 2826
262 170 325 236 μ
577 158 1230 223 AMPHITRUQ
1414 190 1512 242 κς

633 291 1164 329 ALCUMENA.

266 368 402 440 Quid
423 367 548 415 istud
572 380 664 426 est,
685 371 752 414 mi
774 371 844 416 vir
858 404 871 427 ‚
899 371 1086 434 negoti,
1109 370 1245 431 quod
1272 382 1327 418 tu
1350 382 1448 419 tam
1466 390 1544 421 ευ·

516 442 619 489 bito
655 443 803 489 domo

266 515 416 570 Abeas
433 517 455 571 Β

655 594 678 636 J
714 593 749 626 U
786 595 814 628 P
851 595 880 627 P
915 594 935 627 1
971 595 1002 627 Τ
1038 594 1067 626 E
1104 595 1150 629 R·

374 664 589 726 Edepol,
628 664 760 709 haud
795 663 932 724 quod
963 664 1037 708 tui
1069 681 1148 709 me
1169 699 1183 721 ‚
1219 682 1379 727 neque
1413 667 1545 713 domi

527 736 807 792 distaedeat:

269 808 363 859 Sed
395 809 482 854 ubi
516 825 728 853 summus
761 809 1013 870 imperator
1042 826 1143 856 non
1169 812 1298 859 adest
1325 814 1384 859 ad
1418 830 1548 860 exer-

524 893 673 927 cltum
692 917 706 938 ,

272 955 419 1002 Citius
438 990 452 1014 ,
478 955 614 1016 quod
635 972 735 1001 non
759 955 881 1001 facto
905 956 958 1001 ’st
978 973 1085 1003 usus
1099 993 1113 1016 ,
1135 959 1188 1004 fit
1202 993 1217 1018 ,
1242 975 1389 1021 quam
1409 959 1547 1022 quod

525 1029 647 1082 facto
667 1030 719 1074 ’st
749 1046 881 1091 opus.

628 1130 670 1163 M
706 1130 735 1162 E
772 1131 805 1163 R
839 1130 866 1162 c
903 1129 938 1161 U
974 1131 1006 1173 Β
1043 1131 1061 1162 1
1099 1130 1134 1162 U
1170 1131 1208 1164 s.

271 1206 423 1252 Nimis
461 1206 537 1259 hjc
581 1204 718 1250 scitus
757 1214 834 1271 est·
867 1205 1156 1272 sycophanta
1173 1238 1187 1261 ‚
1229 1205 1315 1272 qui
1352 1204 1550 1272 quidem

530 1297 664 1325 meus
693 1279 749 1324 sit
776 1290 919 1340 pater.

273 1355 584 1406 Observatote
599 1388 613 1411 ,
639 1370 785 1414 quam
807 1353 980 1403 blande
1002 1353 1188 1411 mulieri
1209 1351 1488 1413 palpabiturq

647 1449 681 1482 A
717 1450 746 1483 1.
782 1451 809 1482 c
846 1450 880 1482 U
917 1452 958 1484 M
994 1451 1022 1483 E
1060 1453 1091 1484 N
1130 1450 1177 1483 A.

273 1523 462 1570 Ecastor
474 1558 488 1580 ,
507 1539 556 1569 re
576 1524 790 1585 experior
802 1558 816 1582 ,
835 1526 1002 1587 quanti
1021 1525 1154 1570 facias
1177 1541 1376 1571 uxorem
1394 1535 1543 1571 tuam.

663 1620 1160 1661 JUPPITER,

275 1698 415 1748 Satin’
441 1699 606 1754 habe3‚
630 1699 666 1747 si
691 1698 974 1744 feminarum
1001 1698 1132 1750 nulla
1149 1697 1202 1740 ’st
1225 1711 1371 1755 quam
1396 1710 1549 1755 aeque

532 1769 723 1831 dffigam
739 1770 760 1814 Ξ)

621 1861 1197 1905 MERCURIUS,

276 1940 463 2001 Edepol
483 1956 570 1988 nae
591 1939 668 1987 illa
687 1939 722 1983 si
745 1939 836 1983 istis
856 1938 993 1983 rebus
1012 1947 1059 1982 te
1076 1936 1185 1981 sciat
1204 1951 1394 1996 operam
1416 1935 1547 1992 dare,

275 2012 376 2076 Ego
410 2011 553 2057 faxim
568 2046 581 2067 ,
609 2022 656 2056 te
684 2009 1083 2071 Amphitruonem
1110 2025 1202 2054 esse
1225 2008 1354 2054 malis
1368 2042 1382 2065 ,
1403 2024 1548 2072 quam

519 2083 704 2150 Jovem.

649 2168 683 2200 A
718 2168 748 2201 L
782 2168 809 2198 c
846 2165 881 2198 U
917 2167 959 2200 M
994 2168 1023 2200 E
1060 2169 1093 2201 N
1129 2167 1178 2200 A.

273 2240 486 2306 Experiri
524 2242 641 2287 istuc
676 2241 926 2295 mavellem
959 2258 1066 2298 me,
1091 2256 1238 2302 quam
1266 2239 1335 2285 mi
1363 2254 1548 2286 memo-

530 2328 677 2357 raner.

273 2387 403 2438 Pxius
434 2386 530 2434 abis
544 2420 557 2442 ,
584 2404 728 2446 quam
758 2390 922 2445 lectus,
946 2385 1030 2433 ubi
1053 2384 1256 2436 cubuisti
1270 2418 1285 2444 ,
1312 2383 1546 2436 concaluit

523 2459 666 2506 locus,
