1650 2826
261 190 329 240 ἢὸ
589 186 1250 238 AMPHITRUO.
1387 195 1549 253 v.156

267 300 341 346 Ne
358 299 586 362 posterius
605 298 657 344 in
673 313 753 343 me
771 298 962 359 culpam
980 297 1201 344 conferas.

610 401 646 434 A
681 401 724 433 M
758 399 785 433 P
822 400 855 433 Η
889 400 911 433 1
948 400 981 433 ‘r-
1016 402 1050 434 R
1086 399 1121 432 U
1157 401 1205 434 ο.

1208 459 1352 522 Aperi
1369 460 1545 506 modo:

266 530 390 580 Nam
406 530 524 580 'haec
545 531 746 594 quidem
773 549 860 580 nos
878 531 1113 580 delirantis
1139 533 1288 580 facere
1310 532 1443 579 dictis
1462 549 1549 595 po-

517 607 674 653 stulat.

638 699 1176 734 ALCUMENA.

265 773 406 823 Unde
422 775 537 821 haec
556 774 699 838 igitur
722 784 790 819 est
804 808 819 832 ,
836 769 923 819 nisi
939 773 1019 819 abs
1036 785 1085 820 te
1099 808 1112 831 ,
1135 789 1257 834 quae
1274 771 1396 819 mihi
1416 771 1550 819 dono

522 846 630 892 data
651 845 744 891 ’sti'

613 945 649 978 A
684 944 726 978 M
760 945 790 978 P
826 945 860 978 Η
895 945 917 978 1
953 945 983 978 T
1020 945 1055 980 R
1090 944 1126 979 U
1161 943 1208 980 o.

265 1017 409 1081 Opus
426 1017 496 1064 mi
518 1029 586 1065 est
606 1019 726 1066 istuc
748 1019 996 1080 exquisito.

754 1124 777 1158 S
816 1124 849 1157 Ο
886 1123 908 1157 S
946 1125 966 1156 Ι
1003 1124 1051 1157 Α.

925 1187 1148 1254 Juppiter
1158 1190 1172 1237 >!
1197 1210 1285 1256 pro
1302 1193 1548 1260 Juppiter!

622 1285 656 1320 A
691 1285 736 1319 M
764 1283 795 1320 'P
830 1286 865 1320 H
898 1287 920 1321 I
956 1289 988 1322 T
1023 1291 1056 1324 R
1092 1290 1128 1323 U
1165 1291 1213 1326 Ο.

264 1344 406 1416 Quid
420 1344 509 1393 tibi
526 1346 580 1392 ’st
594 1344 616 1392 ?

753 1423 776 1458 S
812 1425 844 1460 Ο
882 1426 904 1461 S
941 1427 964 1461 Ι
998 1428 1046 1462 A.

462 1493 556 1539 Hic
576 1504 734 1555 patera
754 1494 887 1542 nulla
907 1498 957 1543 in
980 1499 1142 1544 cistula
1160 1499 1227 1545 ’st.

614 1590 650 1623 A
685 1590 727 1623 M
762 1589 790 1624 P
827 1589 862 1624 Η
896 1590 916 1624 1
954 1592 985 1625 T
1021 1594 1054 1626 R
1092 1593 1126 1625 U
1163 1594 1210 1627 o.

1102 1663 1240 1734 Quid
1262 1680 1350 1730 ego
1372 1665 1515 1713 audio
1528 1667 1551 1712 Ξ)

766 1745 792 1780 S
829 1746 865 1779 0
899 1745 922 1780 S
958 1746 981 1780 Ι
1015 1748 1064 1781 Α.

268 1802 328 1852 Id
349 1805 486 1867 quod
508 1821 675 1851 verum
692 1804 758 1850 ’st.

604 1901 639 1934 A
675 1900 716 1933 M
751 1901 778 1934 P
815 1899 850 1933 H
884 1900 905 1934 I
941 1901 973 1935 Τ
1008 1904 1040 1937 R
1076 1903 1113 1936 U
1147 1903 1195 1937 Ο.

561 1973 627 2022 At
645 1989 757 2020 cum
774 1973 981 2020 cruciatu
991 1976 1091 2038 jam
1108 2009 1121 2032 ,
1143 1976 1195 2021 ni
1211 1988 1402 2038 apparet
1415 2011 1428 2035 ,
1449 1988 1551 2025 tuo.

646 2075 681 2109 A
716 2074 746 2108 Ι.
783 2075 811 2108 c
845 2075 882 2109 U
918 2075 961 2109 M
995 2075 1024 2108 E
1062 2078 1096 2110 N
1133 2076 1182 2111 A.

269 2146 401 2195 Haec
419 2146 619 2211 quidem
637 2158 844 2210 apparet.

612 2248 648 2283 A
682 2248 726 2282 M
759 2249 788 2282 P
824 2248 859 2281 H
893 2249 916 2282 1
951 2247 983 2282 T
1017 2250 1050 2283 R
1086 2249 1123 2282 U
1158 2249 1206 2282 ο.

695 2317 816 2387 Quis
830 2317 971 2381 igitur
991 2317 1079 2364 tibi
1099 2317 1230 2364 dedit
1242 2317 1265 2363 Ρ

643 2417 682 2451 A
713 2417 745 2451 1.
781 2417 809 2451 C
845 2417 880 2451 U
915 2415 960 2451 M
993 2418 1023 2451 Ε
1061 2419 1095 2453 N
1131 2417 1180 2451 A.

1171 2476 1273 2546 Qui
1301 2494 1381 2524 me
1404 2489 1548 2543 Iogat.
