1650 2826
254 173 350 236 με
586 163 1274 222 CAPTE1vE1.·
1363 181 1545 230 ’ψῃ

258 281 511 347 Tyndare‚
541 280 663 326 inter
691 294 779 325 nos
814 278 951 325 fuisse
985 277 1180 343 ingenio
1213 276 1347 324 haud
1373 277 1550 326 discor·-

512 354 682 401 dabili:

256 430 429 492 Neque
452 441 501 476 te
528 427 845 475 conmeruisse
864 427 1056 488 culpam
1068 461 1081 484 ‚
1100 442 1262 487 neque
1279 441 1359 472 me
1376 425 1547 474 advor-

511 513 666 549 satum
692 501 783 546 tibi
799 535 813 558 ,
1482 555 1486 562 f

254 578 485 639 Be'neque
507 578 623 622 hero
653 577 834 640 gessisse
865 590 1053 623 morem
1074 573 1126 620 in
1149 574 1289 620 tantis
1310 573 1546 620 aerumnis

248 702 252 708 ,
512 661 688 696 tamen.

255 726 430 786 Neque
450 721 565 769 med
589 737 826 782 umquam
849 719 1099 767 deseruisse
1117 730 1166 766 te
1181 753 1196 778 ‚
1214 734 1375 781 neque
1394 719 1543 777 factis,

509 813 671 858 neque
702 795 826 852 fide,

246 873 407 920 Rebus
443 872 493 918 in
531 869 688 916 dubiis
712 904 726 927 ‚
765 870 933 933 egenis,
987 869 1104 915 haec
1141 881 1275 931 pater
1316 868 1515 932 quando

515 954 627 989 smet
646 977 660 999 ‚

250 1016 476 1078 Tyndare
493 1048 507 1071 ,
533 1024 589 1059 ut
611 1012 751 1062 fueris
775 1012 1008 1059 animatus
1037 1030 1142 1079 erga
1166 1030 1313 1060 suum
1341 1025 1542 1078 gnatum

506 1101 653 1150 atque
683 1105 758 1146 se,

248 1165 533 1225 Numquam
547 1162 638 1220 ‚erit
657 1172 756 1207 tarn
780 1178 970 1220 avarus«,
999 1163 1121 1224 quin
1142 1173 1191 1213 te
1219 1173 1374 1228 gratus
1402 1163 1538 1210 emit-

506 1249 574 1283 tat
604 1252 783 1281 manu:

249 1314 311 1359 Et
339 1329 446 1358 mea
475 1327 646 1372 opera,
679 1309 715 1354 si
745 1307 857 1354 hinc
891 1306 1046 1353 rebito
1066 1341 1080 1364 ,
1109 1305 1279 1353 faciam
1310 1318 1366 1354 ut
1402 1306 1539 1358 faciat
1575 1309 1578 1311 ’

509 1382 699 1428 facilius.

249 1457 374 1502 Nam
401 1467 485 1502 tua
515 1471 658 1516 opera
682 1464 729 1499 et
754 1453 977 1500 comitate
1004 1463 1052 1499 et
1076 1451 1254 1499 virtute
1283 1463 1331 1498 et
1353 1442 1537 1514 sapien-

503 1528 567 1573 tia

246 1604 440 1660 Fecisti,
473 1614 529 1649 ut
559 1602 710 1648 redire
734 1603 872 1648 liceat
902 1601 962 1648 ad
987 1602 1189 1664 parentis
1222 1601 1386 1648 denuo
1404 1627 1420 1658 ·,

250 1681 419 1750 Quom
446 1677 576 1739 apud
606 1678 737 1724 hunc
765 1677 1000 1723 confessus
1029 1694 1074 1723 es
1097 1687 1144 1722 et
1166 1693 1313 1741 genus
1338 1686 1386 1721 et
1414 1674 1534 1722 divi-

499 1762 582 1796 tlas
610 1767 748 1797 meaS.

227 1826 366 1894 ‘Quo
398 1836 539 1886 pacto
577 1825 766 1870 emisisti
796 1841 825 1871 *e
855 1826 1020 1873 vinclis
1049 1837 1194 1872 tuum
1224 1825 1422 1882 herum,
1451 1834 1533 1870 tua

506 1909 745 1960 saplentla.

526 2007 1239 2042 PHILOCRATES.

243 2077 352 2122 Feci
386 2091 472 2140 ego
506 2077 589 2121 ista
620 2086 675 2122 ut
712 2092 1068 2122 conmemoras:
1106 2088 1154 2122 et
1179 2088 1228 2123 te
1259 2073 1521 2122 meminisse

499 2149 550 2194 id
577 2160 764 2212 gratum
795 2150 849 2195 ’st
877 2151 1009 2196 mihi.
1156 2147 1157 2150 ¹
1430 2147 1435 2152 ’

241 2227 415 2274 Merito
439 2229 529 2276 tibi
560 2247 611 2275 ea
639 2243 904 2278 evenerunt
930 2250 956 2278 a
975 2250 1067 2278 me.
1099 2248 1211 2278 nam
1230 2245 1360 2282 nunc
1375 2264 1389 2287 ⁷
1411 2229 1523 2275 Phi-

493 2305 687 2350 locrates
708 2340 721 2363 ‚

240 2371 288 2419 Si
325 2390 412 2437 ego
447 2375 563 2420 item
597 2394 862 2424 memorem
884 2413 898 2436 ,
931 2375 1199 2439 quaecmed
1230 2392 1334 2441 erga
1367 2379 1519 2423 multa

498 2448 643 2495 fecisti
670 2451 794 2495 bene
810 2485 826 2507 ,
