1650 2826
112 199 211 249 m
322 190 662 243 ·Ac-rUs
715 187 820 237 1v.
875 149 1186 235 sc.111.'
1292 202 1381 247 105

22 314 47 374 L,
116 300 252 372 Quid
274 299 389 364 ego?
426 313 575 358 quem
594 293 810 342 advocati
833 293 934 356 jam
967 304 1112 354 atque
1143 294 1283 340 amici
1304 294 1389 340 de-

365 377 538 417 serunt.

115 422 395 507 Numqufin
428 440 601 502 edepol
634 455 713 485 me
746 439 925 505 inpultus
959 440 1060 486 istic
1100 440 1389 499 ludificabit,

0 515 16 568 ἶτ
367 512 578 574 quisquis
606 523 684 557 est.

116 589 244 638 Nam'
262 587 324 635 ad
344 603 502 650 regem
524 596 649 631 recta
677 601 756 630 me
779 583 951 630 ducam
968 618 981 641 ,
1004 600 1173 645 resque
1195 595 1251 630 ut
1274 583 1394 631 facta

366 660 422 705 ’st
452 660 662 719 eloquar.

118 736 220 800 Ego
242 735 328 797 pol
353 734 491 779 illum
513 733 704 778 ulciscar
734 731 879 777 hodie
915 731 1193 787 Thessalum
1220 730 1397 776 venefia

375 823 488 852 curn
506 840 523 864 ,

121 881 224 951 Qui
241 896 454 942 perverse
475 878 770 941 perturbavit
792 876 994 923 familiae
1015 887 1229 922 mentem
1250 891 1397 921 meae.

119 949 215 1003 Sed
253 954 340 1000 ubi
370 954 449 999 ille
474 954 528 998 ’st
542 953 564 998 Ξ)
610 953 736 998 intro
779 951 953 1013 edepol
983 949 1098 996 abiit
1112 984 1126 1007 ‚
1162 948 1305 994 credo
1339 946 1402 993 ad

373 1040 575 1071 uxorem
599 1039 770 1068 meam.

124 1097 227 1169 Qui
248 1114 328 1144 me
353 1097 531 1144 Thebis
562 1098 676 1143 alter
704 1096 823 1143 vivit
850 1094 1092 1141 miserior?
1128 1092 1249 1155 quid
1270 1107 1405 1139 nunc

378 1186 510 1234 agam
530 1170 551 1215 Ρ
1127 1228 1129 1230 ¹

128 1240 294 1310 Quem
325 1256 487 1286 omnes
516 1241 733 1286 mortales
767 1240 985 1303 ignorant
1000 1273 1014 1296 ,
1048 1250 1095 1284 et
1127 1237 1374 1284 ludificant
1389 1272 1405 1295 ‚

378 1323 435 1357 ut
454 1313 603 1357 lubet.

133 1384 329 1430 Certum
352 1383 406 1428 'st
422 1418 435 1439 ,
459 1384 802 1445 introrumpam
822 1385 872 1429 in
894 1384 1087 1430 aedibus
1100 1419 1113 1441 ‚
1133 1384 1218 1430 ubi
1238 1401 1409 1444 quem·-

385 1472 482 1515 que
504 1456 749 1501 hominem
769 1471 990 1515 aspexero
1010 1490 1024 1511 ‚

134 1529 242 1577 Sive
281 1528 498 1576 ancillam
518 1562 531 1584 ,
555 1528 650 1573 sive
683 1544 893 1584 servom,
927 1528 1020 1573 sive
1043 1544 1281 1585 uxorem,
1315 1529 1410 1574 sive

387 1600 656 1646 adulterum
676 1634 690 1657 ‚

50 1714 57 1722 .
136 1675 233 1724 Seu
259 1685 442 1736 patrem
456 1709 470 1731 ‚
502 1674 596 1719 sive
629 1690 771 1720 avom
803 1673 981 1720 videbo
995 1709 1009 1732 ‚
1034 1674 1332 1722 obtruncabo
1360 1675 1412 1725 in

386 1747 591 1793 aedibus.

138 1819 312 1880 Neque
333 1836 412 1865 me
427 1819 649 1880 Juppjter
668 1852 681 1874 ,
705 1833 868 1878 neque
885 1817 967 1863 Dii
990 1835 1155 1866 omnes
1176 1819 1227 1865 id
1253 1819 1413 1881 prohi-

389 1889 575 1935 bebunt
595 1924 609 1947 ,
637 1889 672 1934 si
700 1891 878 1936 volent.

142 1961 278 2032 Quin
300 1962 362 2008 sic
383 1960 549 2006 faciam
572 1961 644 2006 uti
665 1961 888 2007 constitui
906 1980 916 2006 ε
935 1978 1130 2028 pergam
1145 1964 1196 2010 in
1220 1963 1415 2011 aedibus

388 2050 519 2081 nunc
534 2050 648 2099 Jam.
