1650 2826
225 221 419 260 XXVIII
549 213 611 259 M.
678 211 873 262 ACCI
931 213 1257 260 PLAUTI

230 335 353 381 1594
369 331 419 366 et
434 335 553 381 1595
576 320 782 382 Lugduni
805 321 911 366 Bac.
946 336 1005 366 ex
1024 320 1102 366 off.
1123 322 1319 367 Plantin.
1347 333 1416 368 12.
1442 333 1506 369 ex

230 475 352 521 1595

226 618 390 633 -ι

226 683 389 696 μ·-

227 746 390 764 μ--

234 804 352 851 1597

235 1644 357 1706 1598

220 1849 359 1906 ‘1599

232 1938 393 1951 —-

236 1983 359 2044 1603

239 2187 360 2245 1604

241 2324 360 2383 1605

427 386 699 432 recensione
711 385 752 443 J.
773 385 962 431 Dousae
983 386 1124 447 patris
1142 397 1189 432 et
1207 386 1300 432 filii.

427 459 644 508 Generum,
675 475 717 518 4.
743 474 853 505 cum
877 458 1065 504 Comm.
1084 459 1143 504 D.
1175 458 1407 508 Lambini.
1431 477 1506 523 ap.

422 524 481 569 D.
499 523 696 586 Vignon.

428 589 638 634 Coloniae.

421 654 630 702 Parisiis,
669 669 710 711 4.
739 669 778 700 c.
807 671 854 700 n.
875 656 1086 701 Lambini.

422 719 629 780 Lugduni
646 719 752 764 Bat.

425 793 611 859 Neapoli
627 792 855 839 Nemetum
883 792 949 853 (h.
970 810 1008 839 e.
1035 794 1278 841 Neostadii
1303 795 1363 840 ad
1388 794 1508 840 Har-

425 862 547 920 tarn)
570 876 610 916 4.
635 858 709 917 Jo.
732 858 847 903 Phil.
867 858 998 903 Parei
1015 859 1173 905 Electa
1192 860 1431 916 Plautina,
1458 861 1508 905 in

424 924 603 984 quibus
634 924 769 969 velut
800 922 1017 969 thesauro
1051 925 1266 984 quodam
1301 925 1507 984 antiqui-

424 989 555 1045 tatis,
581 988 825 1049 quidquid
857 999 923 1033 est
946 1004 1104 1034 rerum
1127 990 1508 1035 memorabilium

422 1053 704 1113 rituumque
732 1053 1061 1098 Romanorum
1079 1087 1092 1111 ‚
1123 1055 1174 1098 in
1201 1055 1508 1101 comicorum

424 1118 639 1179 principe
665 1118 730 1163 M.
748 1117 892 1163 Accio
917 1118 1074 1163 Plauto
1092 1154 1104 1169 ‚
1121 1119 1210 1165 sub
1224 1119 1509 1166 universales

426 1183 589 1228 titulos
607 1184 823 1228 locorum
841 1184 1173 1229 communium
1197 1184 1415 1230 refertur:
1432 1200 1510 1229 va·-

425 1247 480 1293 rii
498 1248 609 1293 item
630 1248 847 1293 authores
860 1282 871 1304 ‚
894 1264 988 1307 qua
1006 1248 1192 1304 Graeci,
1214 1260 1308 1309 qua
1324 1248 1506 1304 Latini,

423 1313 592 1374 passim
616 1313 903 1358 illustrantur
925 1323 971 1357 et
995 1313 1302 1374 explicantur.
1327 1340 1393 1348 ---
1415 1313 1509 1358 Re-

427 1377 620 1423 ferimus
647 1378 776 1423 hunc
806 1377 986 1422 librum
1004 1378 1136 1423 Parei
1162 1378 1226 1424 ob
1255 1377 1510 1441 tragoedias

424 1459 486 1487 ex
502 1443 548 1488 II
570 1444 666 1506 ejus
694 1442 902 1487 editione
929 1459 1002 1487 an.
1027 1441 1166 1500 1617,
1191 1454 1238 1488 et
1253 1459 1312 1488 ex
1336 1442 1510 1488 editio-

424 1507 564 1553 nibus
578 1507 732 1555 Plauti
749 1507 941 1552 aemulis
961 1507 1149 1552 Gruteri
1167 1517 1214 1553 et
1224 1507 1356 1553 Parei
1372 1522 1510 1552 coor-

427 1584 503 1618 tas.
535 1572 589 1618 cf.
608 1571 727 1617 infra
752 1572 840 1618 sub
861 1582 949 1617 aet.
968 1571 1047 1617 IV.

423 1644 733 1708 Francofurti,
763 1645 787 1690 8
817 1643 932 1690 min.
963 1660 1023 1689 ex
1051 1660 1138 1690 rec.
1159 1643 1349 1690 Dousae.

466 1747 468 1749 .
491 1710 613 1755 Ibid.
640 1726 713 1754 an.
741 1709 882 1764 1602,
907 1710 945 1753 8.
966 1709 1154 1754 Dousae
1171 1709 1412 1754 Plautinae
1430 1717 1513 1757 exa'

425 1774 718 1834 planationes
753 1773 1046 1832 prodierunt.

427 1846 647 1893 Lubecae,
686 1859 757 1889 12.
787 1859 898 1888 curn
926 1844 1048 1888 notis
1068 1844 1256 1890 Dousae.

425 1910 634 1974 Neapoli,
667 1926 706 1968 4.
739 1907 1029 1953 Comoediae
1046 1908 1154 1955 XX.

433 1984 647 2033 Genevae,
674 2000 716 2043 4.
741 1984 794 2030 in
815 1983 1021 2046 Corpore
1045 1992 1294 2046 poetarum
1317 1983 1511 2039 Latino⁴¹

425 2065 547 2095 rum.

427 2114 634 2176 Lugduni
653 2116 759 2161 Bat.
782 2130 855 2174 24.
872 2114 1189 2179 Raphelengii.

427 2187 735 2252 Francofurti,
771 2203 838 2235 12.
869 2205 929 2234 ex
959 2205 1047 2234 rec.
1066 2188 1321 2245 Dousiaca‚
1351 2202 1509 2233 recens

429 2269 602 2315 magno
619 2254 776 2300 studio
798 2264 844 2298 et
862 2264 1070 2300 accurata
1085 2253 1323 2316 diligentia
1341 2253 1504 2297 editae.

431 2326 633 2370 Aureliae
654 2327 933 2388 Allobrogum
956 2325 1231 2387 (Genevae)
1261 2341 1302 2382 4.
1336 2325 1408 2369 Ex
1436 2339 1510 2368 re·-

429 2390 648 2435 censione
673 2402 720 2435 et
736 2407 848 2436 cum
863 2390 1050 2436 Comm.
1072 2389 1130 2434 D.
1149 2389 1348 2434 Lambini
1363 2414 1407 2422 --
1437 2398 1508 2449 ty«

428 2453 499 2516 pls
509 2453 833 2519 Vignonianis.
860 2454 941 2502 Est
957 2469 1101 2516 penes
1118 2453 1179 2516 -G.
1200 2453 1248 2500 C.
1265 2453 1511 2515 Crollium.
