1650 2826
243 194 305 239 44
543 174 1200 227 AMPHITRUO.
1359 200 1474 246 v.15

575 296 1170 332 AMPHITRUO.

240 380 369 427 Tun’
398 395 477 427 me
495 415 508 438 ,
535 381 732 428 verbero
752 417 764 438 ‚
796 382 937 428 audes
967 383 1137 428 herum
1162 383 1450 430 ludifacere?

241 452 367 499 Tun’
383 454 435 498 id
452 453 603 499 dicere
617 455 781 511 audes,
802 455 937 515 quod
954 470 1099 500 nemo
1119 471 1352 515 umquam
1371 458 1520 503 homo

492 529 687 574 antehac

241 596 376 646 Vidit
392 635 405 656 ‚
427 617 515 646 nec
539 612 695 662 potest
718 600 844 656 fieri,
873 611 1088 662 tempore
1113 618 1213 648 uno

241 669 407 716 Homo
430 670 561 716 idem
591 671 781 716 duobus
804 671 915 715 locis
939 683 995 717 ut
1021 673 1159 718 simul
1179 672 1272 718 sit?

737 766 758 799 S
795 767 827 798 Ο
866 766 887 799 S
924 767 945 799 1
982 767 1031 800 A.

242 842 460 889 Profecto
477 876 492 899 ,
522 852 578 887 ut
604 842 781 902 loquor
795 876 808 898 ‚
829 858 898 888 res
920 843 984 889 ita
1007 854 1088 889 est.

583 940 619 974 A
654 941 699 986 M
734 941 762 973 P
798 941 832 973 H
867 941 889 973 1
926 941 957 974 T
991 943 1026 975 R
1063 941 1098 974 U
1133 942 1181 976 o.

242 1071 408 1119 Perdat
424 1071 434 1103 ι
1068 1000 1076 1008 “
1112 1011 1333 1072 Juppiter
1359 1021 1409 1057 te

743 1149 764 1182 s
802 1151 835 1184 o
873 1151 895 1184 s
930 1147 956 1184 Ι·
987 1152 1037 1186 Α.

339 1226 475 1298 Quid
493 1227 606 1274 mali
630 1242 736 1273 sum
750 1261 765 1284 ,
793 1228 904 1273 here
918 1262 932 1285 ‚
951 1239 1035 1274 tua
1057 1245 1117 1274 ex
1138 1246 1187 1275 re
1212 1230 1529 1292 promeritus?

584 1331 619 1364 A
654 1332 697 1364 Μ
732 1330 761 1364 1³
797 1332 832 1364 Η
867 1332 889 1364 1
926 1332 957 1364 T
992 1334 1025 1366 R
1061 1332 1095 1364 U
1132 1333 1178 1364 o.

243 1402 457 1470 Rogasne
474 1439 488 1462 ,
512 1404 716 1467 inprobe
735 1439 749 1463 ,
777 1406 919 1452 etiam
935 1440 949 1464 ,
983 1406 1069 1467 qui
1090 1405 1230 1451 ludos
1253 1405 1359 1452 facis
1384 1407 1495 1452 me?

754 1504 777 1536 s
813 1506 845 1537 o
883 1505 905 1538 s
940 1505 961 1537 1
997 1505 1046 1537 A.

244 1583 418 1630 Merito
442 1582 688 1629 maledicas
714 1581 865 1638 mihi,
893 1581 929 1626 si
949 1580 1000 1626 id
1023 1581 1087 1626 ita
1109 1579 1288 1626 factum
1315 1581 1381 1625 ’st.

223 1656 290 1702 ‘V
292 1674 426 1702 erum
459 1657 590 1703 haud
611 1656 843 1711 mentiorg
868 1672 1037 1715 resque
1060 1655 1132 1700 uti
1162 1654 1305 1711 facta,
1338 1652 1464 1701 dico-

586 1754 619 1785 Α
655 1754 698 1785 Μ
734 1753 763 1785 P
800 1754 834 1785 H
870 1753 890 1784 1
928 1754 958 1785 T
994 1754 1041 1794 Rv
1065 1752 1099 1784 U
1137 1752 1183 1784 Ο.

242 1822 407 1868 Homo
432 1822 509 1867 hic
533 1820 686 1866 ebrius
709 1832 800 1876 est,
830 1831 885 1866 ut
910 1821 1095 1880 opinor.

739 1921 762 1955 s
798 1922 830 1954 o
868 1921 890 1954 s
925 1921 947 1953 1
982 1921 1030 1953 A.

1036 1978 1231 2025 Utinam
1261 1980 1325 2025 ita
1355 1981 1523 2027 essem!

577 2075 612 2108 A
646 2076 690 2108 M
726 2076 756 2108 P
793 2075 827 2108 H
862 2075 884 2107 1
920 2075 951 2107 T
986 2076 1019 2108 R
1056 2073 1092 2106 U
1127 2074 1175 2107 ο.
1235 2073 1241 2077 ’

245 2147 396 2208 Optas
415 2165 537 2210 quae
563 2150 694 2197 facta.

739 2240 762 2274 S
798 2240 829 2273 O
867 2239 890 2274 S
927 2241 948 2275 1
982 2241 1032 2275 A·

695 2308 697 2311 ’
757 2313 957 2376 Egone?

588 2408 621 2439 A
657 2409 700 2441 M
737 2409 765 2442 P
802 2409 837 2442 Η
870 2408 893 2439 1
930 2407 960 2439 T
996 2408 1028 2440 R
1065 2406 1100 2439 U
1135 2407 1182 2440 o.

967 2481 1046 2526 Tu
1064 2481 1174 2527 istic.
1199 2479 1283 2526 ubi
1299 2479 1491 2527 bibisti?
