1650 2826
233 197 347 279 476<
656 212 1117 267 CASINA.‘
1381 240 1516 286 vag

229 325 323 372 Abi
340 341 446 382 rus,
469 323 546 371 abi
571 323 799 371 dierectus
834 339 966 371 tuam
988 326 1038 371 in
1064 326 1370 387 provinciam.

639 427 671 461 o
709 428 740 462 1.
775 429 809 461 Y
845 429 888 461 M
921 429 950 461 P
991 430 1010 461 1
1051 429 1100 462 o.

232 496 429 543 Chaline
444 531 458 554 ‚
489 512 592 543 non
625 513 733 542 sum
769 513 856 560 ego
892 496 1068 543 oblitus
1096 498 1306 545 offic-ium
1329 516 1510 548 meum.

227 568 460 626 Praefeci-‚
484 585 591 614 rure
620 579 747 614 recte
780 569 868 630 q-ui
892 581 1026 617 curet
1054 580 1229 616 tamen.

226 643 330 707 Ego
343 678 357 700 ,
375 644 471 689 huc
489 641 625 703 quod
642 643 754 688 veni
778 642 827 687 in
852 643 1048 699 urbem,
1067 644 1155 690 ubi
1177 644 1474 706 inpetravero
1489 679 1506 705 ‚

227 716 439 762 Uxorem
467 726 523 760 ut
547 714 693 760 istanc
720 714 920 772 ducam,
945 732 1092 776 quarn
1118 727 1175 762 tu
1197 716 1404 778 deperis,
1466 766 1468 768 ,

226 787 408 834 Bellam
434 799 482 834 et
499 788 724 834 tenellam
750 787 965 835 Casinam
982 822 996 845 ‚
1024 802 1298 836 conservam
1321 800 1482 836 tuam:

231 858 445 928 Quando
467 875 555 922 ego
575 874 678 904 eam
697 875 890 904 mecum
907 875 984 904 rus
1008 875 1210 907 uxorem
1234 859 1479 912 abduxero
1493 896 1511 920 ,

234 931 363 981 Rure
385 930 627 978 incubabo
655 947 808 991 usque
839 931 890 976 in
918 931 1207 992 praefectura
1233 949 1352 979 mea.

607 1031 634 1063 c
671 1031 705 1063 Η
741 1031 775 1063 A
810 1032 841 1064 1.
877 1032 898 1064 1
935 1033 969 1066 N
1007 1032 1043 1065 U
1080 1033 1118 1068 s.

232 1101 361 1147 Tun'
389 1101 519 1145 illam
543 1098 719 1144 ducas?
745 1100 901 1146 hercle
929 1117 1008 1146 me
1036 1102 1319 1164 suspendio,

229 1174 393 1246 Quam
425 1184 482 1219 tu
515 1173 612 1236 ejus
640 1171 802 1251 potiqr
832 1172 910 1218 fias
927 1206 941 1230 ‚
967 1173 1159 1221 satiu'st
1177 1186 1442 1223 mortuum,

635 1263 668 1296 ο
703 1263 734 1295 1.
771 1263 807 1296 Y
844 1265 887 1298 M
925 1264 954 1298 P
995 1264 1017 1297 1
1057 1265 1107 1298 o.
1146 1307 1154 1311 ⁶

231 1334 340 1385 Mea
370 1333 543 1399 praeda
580 1342 648 1377 est
684 1331 763 1380 illa
788 1351 798 1378 :
839 1333 992 1396 proin'
1021 1344 1078 1380 tu
1115 1344 1164 1382 te
1197 1335 1251 1382 in
1281 1335 1517 1398 laqueum
1564 1332 1566 1334 ¹

480 1404 663 1451 induas.

622 1489 649 1522 c
686 1488 720 1521 Η
756 1487 790 1520 Α
825 1487 856 1520 1.
891 1487 912 1520 1
946 1487 981 1520 N
1013 1486 1049 1520 U
1085 1486 1124 1522 s.

234 1560 310 1609 Ex
335 1559 632 1621 sterquilinio
662 1558 823 1605 effosse
839 1592 852 1616 ,
883 1567 967 1603 tua
993 1557 1131 1604 illaec·
1156 1555 1330 1620 praeda
1352 1557 1409 1605 sit
1423 1558 1453 1604 Ξ>

646 1655 682 1688 o
717 1655 748 1688 Ι,
784 1655 818 1687 Y
855 1655 898 1688 M
934 1655 962 1687 P
1001 1655 1022 1687 1
1061 1654 1108 1688 o.

240 1724 363 1770 Scies
392 1723 486 1770 hoc
522 1723 587 1769 ita
614 1739 719 1768 esse.
755 1736 839 1768 vae
863 1721 951 1767 tibi
972 1722 983 1767 !
1016 1730 1141 1782 quot
1166 1730 1216 1767 te
1239 1720 1394 1767 modis
1409 1755 1429 1781 ,

235 1797 283 1843 Si
304 1797 415 1844 vivo
433 1831 446 1854 ,
474 1796 664 1842 habebo
690 1795 742 1840 in
773 1794 951 1856 nuptiis
978 1794 1203 1841 miserum
1226 1794 1374 1842 meis!

615 1894 1121 1931 CHALINUS.

234 1968 374 2040 Quid
400 1979 457 2015 tu
483 1967 603 2014 mihi
629 1966 799 2013 facies?

633 2061 670 2093 Ο
707 2059 739 2092 1.
774 2059 810 2093 Y
844 2058 887 2091 M
909 2058 951 2092 ‘P
990 2058 1012 2091 1
1047 2057 1096 2091 Ο.

835 2127 1001 2191 Egone
1034 2123 1156 2186 quid
1182 2123 1347 2170 faciam
1379 2120 1466 2167 tibi
1482 2118 1514 2165 Ξ)-

232 2201 449 2248 Primum
477 2200 700 2247 omniurn
724 2200 837 2247 huic
862 2197 1040 2246 lucebis
1058 2212 1210 2243 novae
1234 2203 1411 2266 nuptae
1437 2190 1506 2236 fa·-

483 2290 588 2319 cem

235 2344 424 2390 Postilla
454 2356 511 2390 ut
541 2306 725 2406 serirper
751 2341 991 2404 inprobus·
1007 2338 1224 2397 nihilque
1244 2334 1312 2380 εἰς,
1333 2382 1336 2384 ,

174 2448 177 2453 -
232 2417 345 2462 Post
371 2416 422 2461 id
454 2417 671 2463 locorum
690 2453 703 2475 ,
735 2415 932 2478 quando
962 2412 1022 2460 ad
1049 2411 1211 2458 villam
1241 2406 1421 2453 veneris
1438 2439 1461 2465 ,

232 2489 435 2538 Dabitur
464 2488 554 2536 tibi
584 2490 811 2552 amphora
841 2503 965 2546 una,
989 2496 1037 2533 et
1062 2499 1157 2530 una
1180 2480 1341 2528 semita
1359 2513 1383 2539 2
