1650 2826
234 236 326 284 302
559 213 1183 266 BACCHIDES.
1386 222 1515 295 ναξ

235 327 410 375 Anima
437 324 491 371 ’st
521 325 667 371 amica
696 324 886 371 amanti.
931 325 966 370 si
989 324 1117 371 abest
1135 359 1149 383 ,
1179 325 1338 372 nullus
1364 337 1431 372 est
1449 345 1462 372 z

237 400 285 446 Si
305 399 432 445 adest
449 433 462 456 ,
490 414 559 443 res
577 398 708 443 nulla
725 398 778 442 'st
798 417 808 442 ε
831 397 954 459 ipsus
973 409 1038 443 est
1055 414 1267 459 nequam
1288 409 1334 444 et
1358 399 1511 446 miser.

237 473 331 520 Sed
360 484 413 519 tu
445 471 565 534 quid
590 471 804 518 factitasti
840 471 1069 517 mandatis
1101 472 1276 534 super?

528 572 1225 609 PISTOCLERUS.

236 644 384 708 Egon’
414 653 495 699 ut,
529 641 666 703 quod
696 642 754 687 ab
786 642 867 687 illo
899 642 1119 712 attigisset
1149 644 1373 701 nuntius,

237 716 352 762 Non
385 716 675 777 inpetratum
710 714 761 759 id
789 715 1061 762 advenienti
1092 717 1135 762 ei
1163 717 1410 765 redderem
1428 719 1453 764 Ξ>

238 788 469 852 Regiones
507 789 659 833 colere
694 788 947 834 mavellem
977 787 1323 837 Acherunticas.

583 891 609 923 C
646 890 681 923 H
718 891 751 924 R
788 890 822 922 Y
861 889 883 923 S
920 889 954 923 A
988 887 1019 922 Ι,
1055 889 1091 922 U
1127 889 1164 923 S.

241 963 346 1010 Eho
367 996 382 1020 ,
410 978 469 1009 an
497 961 719 1008 invenisti
746 959 1030 1006 Bacchidem
1050 959 1073 1004 ?

535 1050 1231 1088 PISTOCLERUS.

1049 1120 1254 1167 Samiam
1282 1121 1495 1182 quidem.

598 1213 625 1245 c
661 1213 695 1246 Η
731 1213 764 1245 R
801 1212 834 1244 Y
873 1210 895 1245 s
934 1210 968 1243 A
1002 1211 1032 1243 L
1070 1211 1106 1243 U
1142 1212 1180 1245 s.

243 1289 367 1338 Vide
392 1303 564 1350 quaeso
581 1322 594 1344 ‚
618 1303 679 1332 ne
706 1286 811 1346 quis
837 1296 1003 1332 tractet
1028 1286 1158 1332 illam
1183 1287 1444 1352 indiligens.

246 1363 341 1411 Scis
363 1374 451 1420 tu,
481 1373 536 1408 ut
565 1359 798 1424 confringi
818 1376 894 1406 vas
923 1360 1017 1405 cito
1049 1358 1263 1407 Samium
1293 1362 1424 1408 solet.

538 1461 1234 1497 PISTocLERUS.

239 1530 438 1590 Jmnne,
461 1540 518 1576 ut
546 1529 701 1576 soles?

596 1624 622 1656 c
660 1622 693 1656 Η
728 1622 760 1656 R
796 1621 830 1653 Y
867 1620 888 1654 s
925 1621 960 1654 A
993 1620 1024 1653 1.
1060 1621 1096 1655 U
1133 1621 1172 1656 s.

723 1682 815 1729 Dic
842 1682 927 1729 ubi
963 1699 1015 1729 ea
1040 1698 1171 1743 nunc
1200 1694 1295 1741 est,
1317 1682 1522 1732 obsecro.

543 1779 1234 1818 PISTOCLERUS.

248 1852 340 1898 Hic
355 1887 368 1911 ,
389 1866 647 1901 exeuntem
670 1871 748 1900 me
771 1854 901 1900 unde
925 1856 1139 1916 aspexisti
1165 1855 1328 1903 modo.

597 1958 624 1990 C
660 1957 694 1989 H
731 1959 764 1991 R
799 1958 832 1989 Y
870 1957 892 1990 S
929 1957 963 1990 A
998 1958 1029 1990 L
1065 1956 1099 1989 U
1137 1957 1174 1990 S.

249 2023 313 2070 Ut
343 2024 460 2071 istuc
487 2037 553 2071 est
582 2017 827 2087 lepidum!
850 2044 1112 2089 proxumae
1138 2028 1333 2074 viciniae

249 2099 457 2146 Habitat.
495 2102 784 2162 ecquidnam
814 2102 1034 2148 meminit
1055 2098 1363 2149 Mnesilochi?

542 2202 1235 2237 PISTOCLERU'S.

1342 2263 1525 2328 Rogas?

254 2324 412 2374 Immo
435 2331 575 2377 unice
598 2348 751 2378 unum
776 2335 976 2395 plurimi
998 2336 1179 2398 pendit.

597 2427 623 2459 c
660 2428 693 2461 Η
730 2430 760 2461 R
797 2429 830 2462 Y
868 2429 889 2462 s
926 2430 959 2464 A
995 2430 1023 2461 1.
1061 2429 1095 2462 U
1133 2429 1168 2462 s.

765 2492 770 2495 ’
1245 2487 1424 2549 Papae!
