1650 2826
144 202 268 249 v.65
415 198 701 248 Ac'rus
750 200 1125 251 11.SC.11.
1326 226 1411 272 143

414 359 418 363 .
555 318 585 351 Ι.
619 319 651 351 E
685 317 718 351 o
755 319 788 351 N
825 319 846 352 1
881 321 916 352 D
952 320 999 352 A.

143 386 375 435 Animum
385 387 598 444 advorte,
610 399 665 433 ut
680 404 831 449 aeque
844 406 1037 437 mecum
1053 393 1167 440 haec
1183 396 1303 443 scias.

556 491 587 523 1.
622 491 643 524 1
678 491 707 523 Β
743 492 776 524 A
813 492 847 526 N
884 493 918 526 U
956 494 995 538 s,

1130 557 1301 606 Taceo.

551 643 582 676 Ι.
620 645 718 705 E.⁰
756 646 789 679 N
825 647 845 680 1
881 646 917 679 D
952 646 999 678 A.

1271 707 1409 758 Beas.

138 773 438 820 Meministin’
473 775 621 822 asinos
648 776 894 823 Arcadicos
921 780 1166 826 mercatori
1183 783 1394 832 vendere

137 846 318 893 Pellaeo
344 859 559 894 nostrum
585 849 865 895 atriensem?

552 950 582 983 1.
618 951 638 984 1
675 951 702 983 Β
738 952 772 984 Α
808 954 842 986 N
878 952 914 985 11
950 953 988 987 s.

664 1022 878 1071 Memini.
916 1027 1037 1089 quid
1068 1039 1175 1075 tum
1205 1042 1367 1092 postea
1383 1033 1407 1080 ?

536 1131 567 1163 1.
602 1131 631 1163 E
670 1132 701 1165 o
739 1134 770 1166 N
809 1134 828 1166 1
863 1135 899 1166 D
936 1135 981 1167 A.

139 1213 291 1258 Hem!
326 1229 436 1277 ergo
467 1214 502 1258 is
532 1227 778 1279 argentum
806 1217 901 1262 huc
924 1218 1098 1264 remisit
1115 1253 1129 1276 ,
1162 1219 1298 1280 quod
1326 1220 1405 1268 da-

201 1286 207 1291 “
394 1297 520 1331 retur
547 1286 742 1334 Saureae
824 1288 830 1293 ’

140 1355 230 1401 Pro
256 1355 401 1400 asinis.
434 1357 699 1403 adulescens
725 1361 855 1406 venit
876 1361 1048 1420 modo,
1066 1363 1151 1423 qui
1171 1363 1222 1409 id
1243 1381 1404 1431 argen-

392 1439 499 1475 tum
529 1432 698 1477 attulit.

555 1545 987 1582 LIBANUS.

142 1610 571 1660 Ubiishomo’st?

548 1722 993 1764 LEONIDA.

381 1803 488 1861 jam
509 1804 830 1854 devorandum
850 1826 1026 1870 censes,
1044 1813 1080 1859 si
1096 1819 1397 1879 conspexeris.

548 1915 982 1955 LIBANUS.

135 1981 206 2026 Ita
244 1982 493 2030 enimvero.
533 1987 614 2032 sed
643 2000 803 2035 tamen
836 2002 890 2037 tu
928 2009 1103 2055 nempe
1134 2011 1211 2041 eos
1246 1997 1395 2043 asinos

387 2058 616 2118 praedicas

132 2125 329 2174 Vetulos
349 2164 362 2186 ‚
397 2131 583 2177 claudos
604 2167 617 2188 ,
656 2134 829 2193 quibus
867 2137 1089 2186 subtritae
1118 2142 1178 2188 ad
1221 2141 1397 2190 femina

380 2205 481 2267 jam
511 2217 639 2251 erant
672 2209 887 2271 ungulae.
958 2231 968 2241 ·

544 2310 982 2352 LEONIDA.

132 2377 283 2438 Ipsos,
321 2382 406 2443 qui
457 2384 543 2429 tibi
584 2387 921 2441 subvectabant
958 2410 1064 2443 rure
1099 2397 1195 2446 huc
1241 2401 1390 2465 virgas

357 2468 368 2475 ⁷
388 2458 574 2505 ulmeas.
