1650 2826
132 199 264 247 meo
411 191 694 242 ACTUS
747 191 1000 240 1v.sc.
1054 192 1116 241 x.
1308 197 1400 258 «ὥς

134 305 236 376 Qui
257 304 406 350 homo
435 302 623 363 culpam
646 298 835 346 admisit
860 299 911 344 in
937 315 985 346 se
999 333 1014 357 ‚
1031 301 1192 348 nullus
1216 314 1284 348 est
1304 314 1404 352 tam

382 375 512 439 parvi
534 374 685 436 preti,

132 452 270 521 Quin
282 450 461 513 pudeat
471 483 487 506 ,
504 447 625 509 quin
639 456 810 511 purget
825 461 932 494 sese.
951 462 1083 494 nunc
1098 459 1148 494 te
1166 449 1376 496 obtestor
1387 483 1405 508 ‚

379 521 546 569 Euclio
565 554 580 578 ‚

130 596 182 644 Si
203 594 322 657 quid
348 610 435 659 ego
464 610 570 658 erga
594 604 642 640 te
665 591 924 655 inprudens
943 594 1135 655 peccavi
1150 628 1165 653 ‚
1185 604 1267 640 aut
1289 609 1403 658 gna·-

302 715 308 718 ,
379 677 479 712 tam
511 677 675 722 tuam,

134 741 200 788 Ut
228 741 296 787 mi
323 740 528 806 ignoscas
542 774 555 796 ‚
585 755 788 801 eamque
820 755 1023 786 uxorem
1056 741 1177 786 mihi
1212 740 1318 797 des,
1346 747 1406 787 ut

378 813 500 877 leges
530 811 724 874 jubent:

133 887 235 950 Ego
258 902 337 932 me
364 885 582 949 injuriam
608 884 765 931 fecisse
787 885 908 931 filiae
933 884 1081 932 fateor
1108 898 1217 933 tuae
1232 922 1246 944 ‚

135 965 308 1012 Cereris
331 965 496 1029 vigiliis
509 999 524 1022 ‚
546 982 631 1027 per
654 965 851 1023 vinum,
868 976 1014 1027 atque
1029 965 1222 1027 inpulsu
1242 966 1402 1013 adulo<

378 1038 590 1084 scentiae.

533 1134 541 1139 Χ
587 1129 618 1161 Ε
655 1128 691 1161 U
726 1128 753 1160 c
788 1128 820 1161 Ι,
853 1129 876 1161 1
911 1128 959 1161 o.

134 1211 229 1258 Hei
242 1210 385 1256 mihi!
407 1209 543 1270 quod
559 1209 735 1255 facinus
755 1225 814 1255 ex
830 1220 878 1255 te
899 1226 986 1274 ego
1007 1210 1149 1257 audio
1161 1210 1186 1256 Ρ

504 1314 536 1348 L
570 1315 605 1348 Y
639 1315 667 1347 C
702 1315 734 1348 Ο
770 1315 803 1348 N
836 1316 857 1348 1
891 1317 928 1348 D
961 1315 993 1348 E
1029 1315 1066 1349 S.

1105 1382 1203 1430 Cur
1228 1383 1404 1447 ejulas?

133 1457 303 1526 Quem
326 1471 413 1519 ego
436 1470 575 1500 avom
595 1454 683 1499 feci
699 1455 800 1518 jam
815 1466 873 1500 ut
892 1470 1003 1501 esses
1026 1455 1145 1501 filiae
1162 1457 1369 1517 nuptiis:

135 1528 261 1574 Nam
280 1540 378 1588 ,tua
412 1539 549 1591 gnata
584 1526 797 1589 peperit,
834 1526 1039 1574 decumo
1074 1544 1235 1574 mense
1269 1540 1402 1589 post:

386 1616 643 1645 numerum
674 1615 811 1660 cape:

136 1684 204 1730 Ea
230 1699 280 1729 re
298 1683 554 1744 repudium
573 1683 749 1729 remisit
772 1685 1031 1731 avonculus
1052 1673 1204 1730 caussa
1221 1700 1339 1730 mea.

136 1757 162 1801 I
179 1756 303 1801 intro
319 1789 334 1812 ,
360 1756 554 1816 exquire
566 1790 580 1813 ‚
597 1756 716 1802 sitne
732 1756 795 1801 ita
806 1790 820 1813 ‚
839 1767 895 1802 ut
912 1773 1000 1820 ego
1018 1757 1252 1818 praedico.

583 1855 616 1888 Ε
651 1855 686 1888 U
722 1856 750 1888 c
786 1855 817 1888 1.
849 1855 872 1887 1
908 1855 955 1888 ο.

1051 1915 1172 1960 Perii
1198 1917 1406 1978 oppido!

138 1988 212 2034 Ita
232 1986 352 2032 mihi
371 1985 431 2032 ad
445 1987 626 2034 malum
638 1990 789 2036 malae
807 2005 876 2036 res
894 1991 1127 2052 plutimae
1145 2006 1192 2035 se
1211 1993 1410 2055 agglutiz

393 2069 521 2105 nant.

141 2135 231 2182 Ibo
257 2133 382 2181 intro
398 2168 413 2192 ,
430 2145 486 2180 ut
504 2133 624 2195 quid
638 2134 779 2198 hujus
796 2133 896 2180 veri
912 2134 969 2179 sit
985 2168 998 2191 ,
1015 2134 1172 2182 sciam.

492 2241 1057 2277 LYCONIDJES.

1022 2311 1131 2369 jam
1155 2303 1204 2357 te
1226 2327 1416 2371 sequor.

145 2377 275 2427 Haec
303 2381 657 2442 propemodum
682 2382 783 2447 jam
807 2398 898 2429 esse
928 2382 979 2429 in
1007 2383 1131 2435 vado
1161 2384 1315 2430 salutis
1344 2397 1416 2430 res

360 2473 371 2480 ⁷
390 2453 592 2500 videtur.

1104 2530 1198 2590 R4
