1650 2826
257 168 346 221 ‘218
546 166 1203 233 AULULARNLA„
1412 187 1545 235 mgr}

253 264 450 339 Sempe}
471 293 576 322 sum
604 276 847 322 atbitratus
862 312 874 334 ‚
896 288 942 322 et
963 294 1092 323 nunc
1111 276 1335 324 arbitror„

701 372 731 405 E
770 371 804 404 U
843 374 869 405 (3
904 373 936 406 L
973 374 992 406 1
1030 375 1078 407 0.

1057 434 1246 482 Aurum
1278 437 1395 484 huic
1424 437 1544 484 olet.

183 544 186 545 ⁷
252 498 390 570 Quid
414 515 545 545 nunc
568 515 648 544 me
669 498 768 544 vis?

594 601 1210 636 MEGADORU'S.v

417 671 665 744 Quoniam
694 686 751 720 tu
777 692 855 721 me
869 711 882 732 ‚
903 687 950 721 et
968 692 1055 740 ego
1075 687 1123 722 te
1141 677 1290 738 qualis
1313 677 1393 734 sis,
1413 677 1538 725 seim:

254 748 394 818 Quae
426 766 494 794 res
524 762 650 795 recte
676 761 859 807 vortat,
889 751 1132 811 mihique-²,
1159 751 1348 813 tibique
1366 787 1379 809 ‚
1409 763 1549 797 tuae*

509 840 604 883 que
636 823 756 869 filiae
774 858 792 880 ,

252 894 421 941 Filiam
451 907 583 942 tuam
613 897 732 944 mihi
764 913 966 944 uxorem
990 913 1165 959 posco:
1192 899 1425 959 promitte
1444 899 1547 947 hoc·

513 970 626 1016 fore.

725 1049 754 1081 E
795 1024 830 1079 U'
866 1050 891 1081 c
928 1049 958 1081 L
996 1050 1015 1081 1
1057 1050 1104 1082 o.

250 1112 393 1178 Heja!
435 1113 716 1177 Megadore‚
745 1114 876 1159 haud
904 1114 1136 1160 decorum
1156 1113 1332 1161 facinus
1356 1115 1447 1161 tuis
1472 1115 1548 1161 fa*

505 1187 586 1232 ctis
610 1186 716 1231 facis
734 1221 748 1243 ‚
1493 1227 1498 1233 ,

186 1274 190 1282 ’
252 1257 316 1304 Ut
344 1259 540 1320 inopem
572 1271 717 1319 atque
758 1259 1014 1304 innoxium
1052 1259 1132 1306 abs
1167 1271 1246 1317 te,
1275 1270 1421 1323 atque
1450 1261 1536 1306 abs

506 1331 597 1377 tuis
626 1347 706 1376 me
741 1330 953 1376 inrideas,
1236 1342 1238 1345 ’

252 1405 375 1451 Nam
409 1405 468 1451 de
499 1418 545 1451 te
582 1422 742 1465 neque
774 1422 823 1450 re
842 1440 855 1462 a
883 1422 1054 1467 ‘neque
1086 1406 1238 1453 verbis
1267 1407 1451 1464 merui,
1482 1418 1539 1458 ut

507 1476 677 1523 facetes
708 1476 846 1540 quod
874 1472 993 1522 facis.

589 1577 631 1609 M
667 1579 696 1610 E
737 1579 767 1610 G
806 1579 841 1609 A
876 1578 911 1609 D
948 1578 980 1609 Ο
1017 1576 1050 1609 R
1087 1574 1121 1608 U
1148 1574 1186 1626 S,

254 1649 426 1709 Neque
454 1649 627 1711 edepol
655 1667 743 1714 ego
773 1661 821 1696 te
849 1650 1055 1698 derisum
1073 1649 1240 1707 venio,
1270 1663 1431 1710 neque
1453 1645 1543 1713 de-

214 1721 219 1725 ”
506 1723 661 1768 rideo:

254 1793 426 1854 Neque
451 1794 652 1859 dignum
681 1796 889 1842 arbitror.

690 1894 720 1926 Ε
759 1894 792 1926 U
831 1894 857 1926 (3
895 1893 924 1925 L
962 1893 981 1926 1
1021 1893 1068 1925 ο.

587 1968 683 2014 Cur
702 1967 844 2031 igitur
861 1967 1011 2029 poscis
1027 1983 1186 2012 meam
1207 1976 1396 2031 gnatam
1414 1964 1502 2011 tibi
1513 1963 1545 2010 ?'

599 2069 641 2102 Μ
680 2070 710 2102 Ε
749 2070 777 2102 G
818 2069 853 2102 A
888 2070 922 2102 D
960 2069 991 2110 o
1029 2069 1061 2102 R
1101 2068 1135 2101 U
1172 2068 1210 2101 s.

255 2140 319 2187 Ut
348 2152 542 2204 propter
571 2160 652 2189 me
687 2144 775 2191 tibi
803 2143 861 2189 sit
889 2143 1083 2201 melius,
1104 2142 1321 2203 mihique
1340 2148 1536 2200 proptet

512 2226 560 2263 te
576 2227 633 2262 et
659 2225 780 2263 tuos.

709 2313 739 2344 E
777 2312 812 2345 U
847 2313 873 2345 c
910 2312 940 2345 L
977 2313 998 2345 1
1034 2312 1090 2347 o..

255 2365 400 2413 Venit
432 2369 524 2415 hoc
555 2372 650 2427 mi,
679 2372 963 2436 Megadore‚
988 2373 1038 2418 in
1069 2381 1310 2428 mentem,
1332 2370 1415 2418 ted
1438 2388 1542 2419 esse}
1606 2420 1617 2436 ‚

509 2439 758 2487 hominem
796 2443 992 2488 divitem
1010 2476 1025 2499 ,
