1650 2826
243 199 332 260 462
551 196 1161 274 CAPTEIVEI.
1398 223 1519 270 v.13

578 317 599 350 S
638 319 668 350 T
704 319 739 351 A
773 318 803 351 L
839 319 874 352 A
911 319 943 351 G
976 321 1019 353 M
1055 320 1090 352 U
1127 320 1165 354 S.

242 371 533 428 Utvis,fiat.

724 457 758 489 H
793 457 823 490 E
862 459 893 492 G
931 459 950 492 1
988 459 1036 491 o.

409 527 538 573 Bene
559 526 815 590 morigerus
836 525 926 571 fuit
943 542 1082 587 puer:
1103 542 1233 573 nunc
1251 543 1352 574 non
1372 527 1519 578 decet.

239 599 350 647 Hoc
369 616 572 664 agamus.
591 601 685 662 jam
705 598 920 643 animum
940 597 1160 656 advorte,
1179 614 1231 644 ac
1255 601 1375 648 mihi
1396 622 1518 665 quae

271 723 275 726 ,
499 673 650 719 dicam
669 707 683 729 ,
714 672 920 717 edissere.

241 751 289 798 Si
319 749 402 796 eris
428 764 596 805 verax,
617 742 707 793 tuis
737 747 876 792 rebus
900 745 1058 791 feceris
1081 746 1387 795 meliusculas.

583 840 604 873 S
642 841 672 872 T
710 840 743 872 A
779 839 808 871 L
847 839 880 871 A
914 839 945 871 G
981 839 1023 871 M
1061 839 1094 870 U
1132 839 1171 873 S,
1453 873 1456 876 Α

239 908 405 973 Nugae
428 908 564 953 istaec
591 917 713 951 sunt.
745 922 846 952 non
871 922 950 952 me
976 922 1131 952 censes
1158 906 1270 952 scire
1298 907 1420 968 quid
1446 908 1518 954 di-

509 993 628 1042 gnus
649 976 795 1023 siem?

714 1073 748 1105 H
784 1074 813 1106 E
852 1074 883 1106 G
920 1074 940 1106 1
980 1057 1032 1107 οξ

235 1140 301 1188 At
324 1159 377 1188 ea
398 1138 719 1205 subterfugere
746 1140 870 1201 potis
897 1157 942 1185 es
968 1156 1142 1201 pauca,
1170 1138 1206 1186 si
1227 1158 1329 1187 non
1347 1140 1521 1187 omnia.

582 1235 604 1268 S
643 1235 673 1266 T
711 1233 744 1266 A
780 1234 809 1266 L
845 1233 880 1265 A
915 1234 947 1266 G
984 1233 1026 1265 M
1064 1233 1099 1265 U
1139 1233 1176 1266 S.

241 1305 393 1351 Pauca
411 1303 633 1366 effugiam
650 1302 758 1347 scio.
777 1318 889 1346 nam
913 1301 1066 1346 multa
1090 1301 1311 1347 evenient
1323 1335 1337 1358 ‚
1355 1312 1403 1347 et
1424 1317 1523 1346 me-

498 1387 588 1420 nto
610 1391 747 1423 me0;

237 1451 366 1520 Quia
393 1460 439 1495 et
457 1448 584 1511 fugi,
605 1459 652 1492 et
669 1447 757 1493 tibi
783 1447 983 1510 surripui
1004 1448 1182 1506 filium,
1201 1458 1249 1493 et
1268 1462 1380 1492 eum
1399 1440 1515 1493 ven-

489 1521 602 1567 didi.

724 1598 760 1631 H
796 1598 826 1631 E
865 1597 897 1630 G
933 1599 954 1631 1
995 1598 1044 1631 Ο.

235 1652 371 1722 Quoi
402 1652 625 1697 homini?
705 1655 708 1659 ’

585 1739 606 1771 S
646 1739 676 1770 T
713 1737 747 1770 A
783 1738 812 1770 L
849 1738 882 1770 A
920 1737 951 1770 G
989 1738 1033 1772 M
1069 1737 1103 1770 U
1141 1737 1178 1771 S.
1372 1749 1374 1751 ·

553 1806 948 1853 Theodoromedi
983 1807 1035 1852 in
1063 1805 1202 1852 Alide
1239 1804 1515 1867 Polyplusio

237 1879 329 1929 Sex
352 1880 503 1926 minis.

713 1958 748 1991 H
783 1958 813 1990 E
852 1956 884 1989 G
919 1957 940 1989 Ῑ
977 1957 1024 1990 O.

350 2028 440 2073 Pro
457 2027 538 2073 Dii
555 2028 827 2073 inmortales
844 2028 853 2072 !
872 2027 908 2071 is
927 2025 1127 2087 quidem
1142 2010 1369 2090 hujus⁵est
1383 2032 1513 2085 pater

234 2100 517 2146 Philocratis.

571 2186 592 2219 s
633 2186 664 2217 T
700 2185 733 2218 A
768 2184 798 2216 L
835 2186 870 2217 A
907 2184 939 2217 G
977 2184 1019 2216 M
1056 2182 1092 2214 U
1131 2181 1169 2215 s.

379 2254 513 2322 Quin
531 2253 698 2299 melius
716 2252 856 2308 novi,
877 2268 1023 2311 quam
1042 2261 1113 2306 te,
1137 2259 1183 2294 et
1199 2246 1298 2293 vidi
1314 2242 1502 2304 saepius.

719 2338 752 2380 H
788 2349 817 2380 E
856 2347 888 2379 G
923 2348 942 2378 1
982 2347 1030 2378 o.

233 2410 370 2458 Serva
387 2447 399 2469 ‚
417 2413 638 2474 Juppiter
667 2432 913 2475 supreme,
941 2425 988 2459 et
1012 2428 1090 2458 me
1121 2421 1168 2456 et
1195 2425 1360 2456 meum
1395 2423 1507 2471 gna-

484 2496 589 2530 tum
619 2486 750 2531 mihi.
1178 2495 1183 2504 ·
