<?xml version="1.0" encoding="UTF-8"?>
<!DOCTYPE html PUBLIC "-//W3C//DTD XHTML 1.0 Transitional//EN"
    "http://www.w3.org/TR/xhtml1/DTD/xhtml1-transitional.dtd">
<html xmlns="http://www.w3.org/1999/xhtml" xml:lang="en" lang="en">
 <head>
  <title>
</title>
<meta http-equiv="Content-Type" content="text/html;charset=utf-8" />
  <meta name='ocr-system' content='tesseract 3.04.00' />
  <meta name='ocr-capabilities' content='ocr_page ocr_carea ocr_par ocr_line ocrx_word'/>
</head>
<body>
  <div class='ocr_page' id='page_1' title='image "./comoediaesuperst01plauuoft_0020.png"; bbox 0 0 1650 2826; ppageno 0'>
   <div class='ocr_carea' id='block_1_1' title="bbox 189 181 1202 233">
    <p class='ocr_par' dir='ltr' id='par_1_1' title="bbox 189 181 1202 233">
     <span class='ocr_line' id='line_1_1' title="bbox 189 181 1202 233; baseline -0.004 -1"><span class='ocrx_word' id='word_1_1' title='bbox 189 195 293 233; x_wconf 80' lang='lat' dir='ltr'><em>XIV</em></span> <span class='ocrx_word' id='word_1_2' title='bbox 493 183 555 229; x_wconf 89' lang='lat' dir='ltr'><em>M.</em></span> <span class='ocrx_word' id='word_1_3' title='bbox 621 181 825 229; x_wconf 84' lang='lat' dir='ltr'><em>ACCI</em></span> <span class='ocrx_word' id='word_1_4' title='bbox 884 181 1202 229; x_wconf 87' lang='lat' dir='ltr'><em>PLAUTI</em></span> 
     </span>
    </p>
   </div>
   <div class='ocr_carea' id='block_1_2' title="bbox 178 290 1512 2497">
    <p class='ocr_par' dir='ltr' id='par_1_2' title="bbox 361 290 1512 873">
     <span class='ocr_line' id='line_1_2' title="bbox 384 290 1471 354; baseline -0.001 -15"><span class='ocrx_word' id='word_1_5' title='bbox 384 292 475 354; x_wconf 87' lang='lat' dir='ltr'><em>qui</em></span> <span class='ocrx_word' id='word_1_6' title='bbox 493 304 733 354; x_wconf 83' lang='lat' dir='ltr'><em>praeterea</em></span> <span class='ocrx_word' id='word_1_7' title='bbox 751 292 1028 353; x_wconf 78' lang='lat' dir='ltr'><em>suspicatur,</em></span> <span class='ocrx_word' id='word_1_8' title='bbox 1041 294 1180 338; x_wconf 83' lang='lat' dir='ltr'><em>aliam</em></span> <span class='ocrx_word' id='word_1_9' title='bbox 1196 291 1354 339; x_wconf 84' lang='lat' dir='ltr'>adhuc</span> <span class='ocrx_word' id='word_1_10' title='bbox 1371 290 1471 338; x_wconf 85' lang='lat' dir='ltr'><em>edi-</em></span> 
     </span>
     <span class='ocr_line' id='line_1_3' title="bbox 381 357 1512 421; baseline 0 -17"><span class='ocrx_word' id='word_1_11' title='bbox 381 359 567 404; x_wconf 79' lang='lat' dir='ltr'>tionem</span> <span class='ocrx_word' id='word_1_12' title='bbox 590 375 616 403; x_wconf 89' lang='lat' dir='ltr'>a</span> <span class='ocrx_word' id='word_1_13' title='bbox 640 358 950 421; x_wconf 75' lang='lat' dir='ltr'><em>Charpentario</em></span> <span class='ocrx_word' id='word_1_14' title='bbox 975 357 1111 402; x_wconf 82' lang='lat' dir='ltr'><em>fuisse</em></span> <span class='ocrx_word' id='word_1_15' title='bbox 1133 370 1354 404; x_wconf 81' lang='lat' dir='ltr'><em>curatam.</em></span> <span class='ocrx_word' id='word_1_16' title='bbox 1381 358 1470 404; x_wconf 85' lang='lat' dir='ltr'><em>Er-</em></span> <span class='ocrx_word' id='word_1_17' title='bbox 1508 378 1512 394; x_wconf 77' lang='grc' dir='ltr'>ι</span> 
     </span>
     <span class='ocr_line' id='line_1_4' title="bbox 381 421 1469 486; baseline -0.001 -17"><span class='ocrx_word' id='word_1_18' title='bbox 381 424 536 478; x_wconf 78' lang='lat' dir='ltr'><em>nestio</em></span> <span class='ocrx_word' id='word_1_19' title='bbox 553 422 743 468; x_wconf 82' lang='lat' dir='ltr'><em>videtur</em></span> <span class='ocrx_word' id='word_1_20' title='bbox 764 422 990 486; x_wconf 84' lang='lat' dir='ltr'>Lugduni</span> <span class='ocrx_word' id='word_1_21' title='bbox 1008 421 1146 468; x_wconf 81' lang='lat' dir='ltr'><em>edita.</em></span> <span class='ocrx_word' id='word_1_22' title='bbox 1179 422 1469 484; x_wconf 81' lang='lat' dir='ltr'><em>Charpenta-</em></span> 
     </span>
     <span class='ocr_line' id='line_1_5' title="bbox 380 487 1470 548; baseline -0.002 -14"><span class='ocrx_word' id='word_1_23' title='bbox 380 489 476 534; x_wconf 73' lang='lat' dir='ltr'><em>rius</em></span> <span class='ocrx_word' id='word_1_24' title='bbox 494 504 608 533; x_wconf 87' lang='lat' dir='ltr'><em>vero</em></span> <span class='ocrx_word' id='word_1_25' title='bbox 630 487 766 532; x_wconf 88' lang='lat' dir='ltr'><em>editis</em></span> <span class='ocrx_word' id='word_1_26' title='bbox 789 487 938 532; x_wconf 90' lang='lat' dir='ltr'><em>modo</em></span> <span class='ocrx_word' id='word_1_27' title='bbox 965 487 1192 548; x_wconf 84' lang='lat' dir='ltr'><em>exemplis</em></span> <span class='ocrx_word' id='word_1_28' title='bbox 1212 488 1304 548; x_wconf 90' lang='lat' dir='ltr'><em>(Pii</em></span> <span class='ocrx_word' id='word_1_29' title='bbox 1320 500 1367 534; x_wconf 89' lang='lat' dir='ltr'><em>et</em></span> <span class='ocrx_word' id='word_1_30' title='bbox 1390 488 1470 534; x_wconf 83' lang='lat' dir='ltr'><em>Sa-</em></span> 
     </span>
     <span class='ocr_line' id='line_1_6' title="bbox 377 553 1467 614; baseline 0 -15"><span class='ocrx_word' id='word_1_31' title='bbox 377 553 534 599; x_wconf 75' lang='lat' dir='ltr'><em>raceni</em></span> <span class='ocrx_word' id='word_1_32' title='bbox 550 586 564 609; x_wconf 81' lang='lat'><strong>‚</strong></span> <span class='ocrx_word' id='word_1_33' title='bbox 583 553 859 598; x_wconf 80' lang='lat' dir='ltr'>observante</span> <span class='ocrx_word' id='word_1_34' title='bbox 875 553 1041 614; x_wconf 85' lang='lat' dir='ltr'><em>Pareo)</em></span> <span class='ocrx_word' id='word_1_35' title='bbox 1060 553 1109 597; x_wconf 91' lang='lat' dir='ltr'><em>in</em></span> <span class='ocrx_word' id='word_1_36' title='bbox 1130 553 1467 599; x_wconf 83' lang='lat' dir='ltr'><em>concinnando</em></span> 
     </span>
     <span class='ocr_line' id='line_1_7' title="bbox 374 618 1463 675; baseline -0.001 -11"><span class='ocrx_word' id='word_1_37' title='bbox 374 627 522 664; x_wconf 70' lang='lat' dir='ltr'><em>textu</em></span> <span class='ocrx_word' id='word_1_38' title='bbox 540 634 648 663; x_wconf 88' lang='lat' dir='ltr'><em>usus</em></span> <span class='ocrx_word' id='word_1_39' title='bbox 665 628 753 661; x_wconf 89' lang='lat' dir='ltr'><em>est:</em></span> <span class='ocrx_word' id='word_1_40' title='bbox 779 629 826 662; x_wconf 83' lang='lat' dir='ltr'><em>at</em></span> <span class='ocrx_word' id='word_1_41' title='bbox 841 633 998 663; x_wconf 83' lang='lat' dir='ltr'><em>versus</em></span> <span class='ocrx_word' id='word_1_42' title='bbox 1014 618 1181 663; x_wconf 89' lang='lat' dir='ltr'><em>melius</em></span> <span class='ocrx_word' id='word_1_43' title='bbox 1205 618 1463 675; x_wconf 85' lang='lat' dir='ltr'><em>ordinavit,</em></span> 
     </span>
     <span class='ocr_line' id='line_1_8' title="bbox 361 682 1468 743; baseline -0.002 -13"><span class='ocrx_word' id='word_1_44' title='bbox 361 692 363 694; x_wconf 79' lang='grc'>’</span> <span class='ocrx_word' id='word_1_45' title='bbox 382 695 432 730; x_wconf 85' lang='lat' dir='ltr'><em>et</em></span> <span class='ocrx_word' id='word_1_46' title='bbox 449 684 498 729; x_wconf 91' lang='lat' dir='ltr'><em>in</em></span> <span class='ocrx_word' id='word_1_47' title='bbox 519 683 614 727; x_wconf 86' lang='lat' dir='ltr'><em>fine</em></span> <span class='ocrx_word' id='word_1_48' title='bbox 630 682 899 727; x_wconf 82' lang='lat' dir='ltr'><em>Aululariae</em></span> <span class='ocrx_word' id='word_1_49' title='bbox 922 683 1312 743; x_wconf 88' lang='lat' dir='ltr'><em>supplementum</em></span> <span class='ocrx_word' id='word_1_50' title='bbox 1331 683 1468 728; x_wconf 85' lang='lat' dir='ltr'><em>addi-</em></span> 
     </span>
     <span class='ocr_line' id='line_1_9' title="bbox 381 747 1468 808; baseline -0.001 -13"><span class='ocrx_word' id='word_1_51' title='bbox 381 749 455 795; x_wconf 88' lang='lat' dir='ltr'><em>dit</em></span> <span class='ocrx_word' id='word_1_52' title='bbox 482 747 650 794; x_wconf 90' lang='lat' dir='ltr'>XVIII</span> <span class='ocrx_word' id='word_1_53' title='bbox 674 762 922 804; x_wconf 82' lang='lat' dir='ltr'><em>versuum,</em></span> <span class='ocrx_word' id='word_1_54' title='bbox 956 747 1041 807; x_wconf 91' lang='lat' dir='ltr'><em>qui</em></span> <span class='ocrx_word' id='word_1_55' title='bbox 1071 747 1123 793; x_wconf 93' lang='lat' dir='ltr'><em>in</em></span> <span class='ocrx_word' id='word_1_56' title='bbox 1151 748 1468 808; x_wconf 83' lang='lat' dir='ltr'><em>superioribus</em></span> 
     </span>
     <span class='ocr_line' id='line_1_10' title="bbox 382 812 1141 873; baseline -0.004 -13"><span class='ocrx_word' id='word_1_57' title='bbox 382 812 674 859; x_wconf 87' lang='lat' dir='ltr'><em>editionibus</em></span> <span class='ocrx_word' id='word_1_58' title='bbox 700 827 802 856; x_wconf 87' lang='lat' dir='ltr'><em>non</em></span> <span class='ocrx_word' id='word_1_59' title='bbox 827 812 1141 873; x_wconf 82' lang='lat' dir='ltr'><em>reperiuntur.</em></span> 
     </span>
    </p>

    <p class='ocr_par' dir='ltr' id='par_1_3' title="bbox 180 876 1495 1980">
     <span class='ocr_line' id='line_1_11' title="bbox 180 876 1468 942; baseline 0.001 -20"><span class='ocrx_word' id='word_1_60' title='bbox 180 892 312 938; x_wconf 82' lang='lat'>-1514</span> <span class='ocrx_word' id='word_1_61' title='bbox 379 879 650 926; x_wconf 79' lang='lat' dir='ltr'><em>Florentiae,</em></span> <span class='ocrx_word' id='word_1_62' title='bbox 674 877 714 922; x_wconf 92' lang='lat'><em>8.</em></span> <span class='ocrx_word' id='word_1_63' title='bbox 730 877 882 922; x_wconf 80' lang='lat' dir='ltr'><em>Plauti</em></span> <span class='ocrx_word' id='word_1_64' title='bbox 901 876 1143 923; x_wconf 79' lang='lat' dir='ltr'><em>Comoediae</em></span> <span class='ocrx_word' id='word_1_65' title='bbox 1155 879 1316 938; x_wconf 80' lang='lat' dir='ltr'><em>viginti</em></span> <span class='ocrx_word' id='word_1_66' title='bbox 1335 895 1468 942; x_wconf 80' lang='lat' dir='ltr'><em>nuper</em></span> 
     </span>
     <span class='ocr_line' id='line_1_12' title="bbox 383 941 1468 1008; baseline -0.004 -17"><span class='ocrx_word' id='word_1_67' title='bbox 383 945 630 1006; x_wconf 80' lang='lat' dir='ltr'><em>recognitae</em></span> <span class='ocrx_word' id='word_1_68' title='bbox 651 954 692 986; x_wconf 80' lang='lat' dir='ltr'><em>et</em></span> <span class='ocrx_word' id='word_1_69' title='bbox 715 944 809 986; x_wconf 80' lang='lat' dir='ltr'><em>acri</em></span> <span class='ocrx_word' id='word_1_70' title='bbox 813 943 979 1008; x_wconf 84' lang='lat' dir='ltr'><em>judicio</em></span> <span class='ocrx_word' id='word_1_71' title='bbox 1000 942 1180 988; x_wconf 87' lang='lat' dir='ltr'><em>Nicolai</em></span> <span class='ocrx_word' id='word_1_72' title='bbox 1197 941 1383 1007; x_wconf 84' lang='lat' dir='ltr'><em>Angelii</em></span> <span class='ocrx_word' id='word_1_73' title='bbox 1404 944 1468 988; x_wconf 83' lang='lat' dir='ltr'><em>di-</em></span> 
     </span>
     <span class='ocr_line' id='line_1_13' title="bbox 384 1006 1495 1071; baseline -0.002 -16"><span class='ocrx_word' id='word_1_74' title='bbox 384 1009 663 1071; x_wconf 76' lang='lat' dir='ltr'><em>ligentissime</em></span> <span class='ocrx_word' id='word_1_75' title='bbox 693 1024 884 1051; x_wconf 81' lang='lat' dir='ltr'><em>excusae.</em></span> <span class='ocrx_word' id='word_1_76' title='bbox 932 1008 990 1052; x_wconf 92' lang='lat' dir='ltr'><em>In</em></span> <span class='ocrx_word' id='word_1_77' title='bbox 1020 1006 1116 1052; x_wconf 88' lang='lat' dir='ltr'><em>fine</em></span> <span class='ocrx_word' id='word_1_78' title='bbox 1135 1027 1145 1052; x_wconf 72' lang='grc' dir='ltr'>ι</span> <span class='ocrx_word' id='word_1_79' title='bbox 1186 1007 1257 1053; x_wconf 87' lang='lat' dir='ltr'><em>Ex</em></span> <span class='ocrx_word' id='word_1_80' title='bbox 1295 1008 1466 1068; x_wconf 77' lang='lat' dir='ltr'><em>cfficina</em></span> <span class='ocrx_word' id='word_1_81' title='bbox 1492 1014 1495 1017; x_wconf 78' lang='grc'><strong>“</strong></span> 
     </span>
     <span class='ocr_line' id='line_1_14' title="bbox 380 1071 1468 1138; baseline -0.004 -18"><span class='ocrx_word' id='word_1_82' title='bbox 380 1074 574 1138; x_wconf 78' lang='lat' dir='ltr'><em>Philippi</em></span> <span class='ocrx_word' id='word_1_83' title='bbox 591 1073 640 1117; x_wconf 80' lang='lat' dir='ltr'><em>de</em></span> <span class='ocrx_word' id='word_1_84' title='bbox 661 1072 849 1119; x_wconf 79' lang='lat' dir='ltr'><em>Giunta,</em></span> <span class='ocrx_word' id='word_1_85' title='bbox 872 1071 1140 1119; x_wconf 81' lang='lat' dir='ltr'><em>Florentini,</em></span> <span class='ocrx_word' id='word_1_86' title='bbox 1162 1090 1272 1118; x_wconf 88' lang='lat' dir='ltr'><em>anno</em></span> <span class='ocrx_word' id='word_1_87' title='bbox 1293 1091 1320 1118; x_wconf 89' lang='lat' dir='ltr'><em>a</em></span> <span class='ocrx_word' id='word_1_88' title='bbox 1343 1073 1468 1118; x_wconf 54' lang='lat' dir='ltr'><em>Cleri*-</em></span> 
     </span>
     <span class='ocr_line' id='line_1_15' title="bbox 381 1135 1463 1201; baseline -0.003 -17"><span class='ocrx_word' id='word_1_89' title='bbox 381 1143 529 1184; x_wconf 84' lang='lat' dir='ltr'><em>stiana</em></span> <span class='ocrx_word' id='word_1_90' title='bbox 552 1138 706 1182; x_wconf 80' lang='lat' dir='ltr'><em>Salute</em></span> <span class='ocrx_word' id='word_1_91' title='bbox 723 1136 783 1183; x_wconf 92' lang='lat' dir='ltr'><em>D.</em></span> <span class='ocrx_word' id='word_1_92' title='bbox 802 1135 982 1182; x_wconf 80' lang='lat' dir='ltr'><em>Deci-mo</em></span> <span class='ocrx_word' id='word_1_93' title='bbox 1010 1149 1160 1199; x_wconf 81' lang='lat' dir='ltr'><em>quarto</em></span> <span class='ocrx_word' id='word_1_94' title='bbox 1185 1155 1316 1201; x_wconf 83' lang='lat' dir='ltr'><em>supra</em></span> <span class='ocrx_word' id='word_1_95' title='bbox 1335 1139 1463 1182; x_wconf 84' lang='lat' dir='ltr'><em>mille.</em></span> 
     </span>
     <span class='ocr_line' id='line_1_16' title="bbox 381 1201 1464 1263; baseline -0.004 -12"><span class='ocrx_word' id='word_1_96' title='bbox 381 1220 523 1251; x_wconf 81' lang='lat' dir='ltr'><em>mense</em></span> <span class='ocrx_word' id='word_1_97' title='bbox 543 1203 744 1263; x_wconf 83' lang='lat' dir='ltr'><em>Augusti.</em></span> <span class='ocrx_word' id='word_1_98' title='bbox 762 1201 900 1247; x_wconf 89' lang='lat' dir='ltr'><em>Leone</em></span> <span class='ocrx_word' id='word_1_99' title='bbox 921 1202 969 1247; x_wconf 94' lang='lat' dir='ltr'><em>X</em></span> <span class='ocrx_word' id='word_1_100' title='bbox 981 1201 1106 1246; x_wconf 80' lang='lat' dir='ltr'><em>Pont.</em></span> <span class='ocrx_word' id='word_1_101' title='bbox 1120 1202 1245 1248; x_wconf 83' lang='lat' dir='ltr'><em>Max.</em></span> <span class='ocrx_word' id='word_1_102' title='bbox 1263 1229 1331 1236; x_wconf 88' lang='lat'><em>---</em></span> <span class='ocrx_word' id='word_1_103' title='bbox 1356 1202 1464 1248; x_wconf 92' lang='lat' dir='ltr'><em>Vid.</em></span> 
     </span>
     <span class='ocr_line' id='line_1_17' title="bbox 379 1266 1464 1331; baseline -0.003 -16"><span class='ocrx_word' id='word_1_104' title='bbox 379 1269 638 1331; x_wconf 84' lang='lat' dir='ltr'><em>Catalogue</em></span> <span class='ocrx_word' id='word_1_105' title='bbox 673 1267 734 1312; x_wconf 90' lang='lat' dir='ltr'><em>de</em></span> <span class='ocrx_word' id='word_1_106' title='bbox 751 1267 801 1311; x_wconf 93' lang='lat' dir='ltr'><em>P.</em></span> <span class='ocrx_word' id='word_1_107' title='bbox 821 1267 930 1312; x_wconf 86' lang='lat' dir='ltr'><em>Ant.</em></span> <span class='ocrx_word' id='word_1_108' title='bbox 951 1266 1216 1323; x_wconf 81' lang='lat' dir='ltr'><em>Crevenna,</em></span> <span class='ocrx_word' id='word_1_109' title='bbox 1236 1266 1345 1313; x_wconf 91' lang='lat' dir='ltr'><em>Vol.</em></span> <span class='ocrx_word' id='word_1_110' title='bbox 1373 1267 1464 1323; x_wconf 85' lang='grc' dir='ltr'><strong>ΙΙΙ,</strong></span> 
     </span>
     <span class='ocr_line' id='line_1_18' title="bbox 377 1331 1464 1397; baseline -0.004 -17"><span class='ocrx_word' id='word_1_111' title='bbox 377 1350 484 1397; x_wconf 84' lang='lat' dir='ltr'><em>pag.</em></span> <span class='ocrx_word' id='word_1_112' title='bbox 506 1335 610 1391; x_wconf 68' lang='lat'><em>165.</em></span> <span class='ocrx_word' id='word_1_113' title='bbox 629 1331 874 1395; x_wconf 73' lang='lat' dir='ltr'><em>Angelius,</em></span> <span class='ocrx_word' id='word_1_114' title='bbox 894 1348 1000 1377; x_wconf 84' lang='lat' dir='ltr'><em>usus</em></span> <span class='ocrx_word' id='word_1_115' title='bbox 1019 1332 1196 1394; x_wconf 78' lang='lat' dir='ltr'><em>scriptis</em></span> <span class='ocrx_word' id='word_1_116' title='bbox 1211 1333 1464 1392; x_wconf 74' lang='lat' dir='ltr'><em>exemplis,</em></span> 
     </span>
     <span class='ocr_line' id='line_1_19' title="bbox 378 1396 1466 1459; baseline -0.004 -14"><span class='ocrx_word' id='word_1_117' title='bbox 378 1398 571 1445; x_wconf 86' lang='lat' dir='ltr'>addidit</span> <span class='ocrx_word' id='word_1_118' title='bbox 606 1409 794 1459; x_wconf 86' lang='lat' dir='ltr'><em>praeter</em></span> <span class='ocrx_word' id='word_1_119' title='bbox 824 1397 910 1442; x_wconf 81' lang='lat' dir='ltr'><em>alia</em></span> <span class='ocrx_word' id='word_1_120' title='bbox 941 1397 1123 1457; x_wconf 84' lang='lat' dir='ltr'><em>primus</em></span> <span class='ocrx_word' id='word_1_121' title='bbox 1151 1396 1466 1442; x_wconf 85' lang='lat' dir='ltr'><strong>Bacchidibus</strong></span> 
     </span>
     <span class='ocr_line' id='line_1_20' title="bbox 379 1461 1494 1528; baseline -0.004 -18"><span class='ocrx_word' id='word_1_122' title='bbox 379 1466 639 1528; x_wconf 84' lang='lat' dir='ltr'><em>prologum</em></span> <span class='ocrx_word' id='word_1_123' title='bbox 657 1474 703 1509; x_wconf 88' lang='lat' dir='ltr'><em>et</em></span> <span class='ocrx_word' id='word_1_124' title='bbox 717 1461 908 1506; x_wconf 81' lang='lat' dir='ltr'><em>initium</em></span> <span class='ocrx_word' id='word_1_125' title='bbox 924 1462 1206 1522; x_wconf 69' lang='lat' dir='ltr'><em>actusprimi</em></span> <span class='ocrx_word' id='word_1_126' title='bbox 1219 1495 1234 1519; x_wconf 86' lang='lat'>‚</span> <span class='ocrx_word' id='word_1_127' title='bbox 1247 1462 1464 1523; x_wconf 88' lang='lat' dir='ltr'><em>spurium</em></span> <span class='ocrx_word' id='word_1_128' title='bbox 1492 1467 1494 1470; x_wconf 77' lang='grc'><strong>’</strong></span> 
     </span>
     <span class='ocr_line' id='line_1_21' title="bbox 379 1526 1464 1589; baseline -0.004 -14"><span class='ocrx_word' id='word_1_129' title='bbox 379 1543 543 1576; x_wconf 84' lang='lat' dir='ltr'><em>tamen</em></span> <span class='ocrx_word' id='word_1_130' title='bbox 555 1562 570 1585; x_wconf 90' lang='lat'>,</span> <span class='ocrx_word' id='word_1_131' title='bbox 592 1543 739 1588; x_wconf 87' lang='lat' dir='ltr'><em>quem</em></span> <span class='ocrx_word' id='word_1_132' title='bbox 755 1527 878 1572; x_wconf 87' lang='lat' dir='ltr'><em>male</em></span> <span class='ocrx_word' id='word_1_133' title='bbox 898 1527 950 1572; x_wconf 90' lang='lat' dir='ltr'><em>in</em></span> <span class='ocrx_word' id='word_1_134' title='bbox 976 1527 1104 1572; x_wconf 87' lang='lat' dir='ltr'><em>Gisb.</em></span> <span class='ocrx_word' id='word_1_135' title='bbox 1120 1526 1341 1589; x_wconf 86' lang='lat' dir='ltr'><em>Longolii</em></span> <span class='ocrx_word' id='word_1_136' title='bbox 1362 1526 1464 1572; x_wconf 88' lang='lat' dir='ltr'><em>edi-</em></span> 
     </span>
     <span class='ocr_line' id='line_1_22' title="bbox 381 1591 1462 1654; baseline -0.005 -14"><span class='ocrx_word' id='word_1_137' title='bbox 381 1596 518 1640; x_wconf 85' lang='lat' dir='ltr'><em>tione</em></span> <span class='ocrx_word' id='word_1_138' title='bbox 541 1592 752 1654; x_wconf 81' lang='lat' dir='ltr'><em>primum</em></span> <span class='ocrx_word' id='word_1_139' title='bbox 772 1592 960 1637; x_wconf 85' lang='lat' dir='ltr'><em>editum</em></span> <span class='ocrx_word' id='word_1_140' title='bbox 979 1607 1071 1636; x_wconf 89' lang='lat' dir='ltr'><em>esse</em></span> <span class='ocrx_word' id='word_1_141' title='bbox 1097 1602 1237 1652; x_wconf 88' lang='lat' dir='ltr'><em>putat</em></span> <span class='ocrx_word' id='word_1_142' title='bbox 1247 1591 1323 1649; x_wconf 87' lang='lat' dir='ltr'><em>J0.</em></span> <span class='ocrx_word' id='word_1_143' title='bbox 1342 1591 1378 1637; x_wconf 87' lang='lat' dir='ltr'><strong>F</strong></span> <span class='ocrx_word' id='word_1_144' title='bbox 1379 1591 1462 1636; x_wconf 83' lang='lat' dir='ltr'><em>rid.</em></span> 
     </span>
     <span class='ocr_line' id='line_1_23' title="bbox 381 1655 1464 1706; baseline -0.006 0"><span class='ocrx_word' id='word_1_145' title='bbox 381 1658 664 1706; x_wconf 83' lang='lat' dir='ltr'><em>Gronovius.</em></span> <span class='ocrx_word' id='word_1_146' title='bbox 704 1657 837 1702; x_wconf 89' lang='lat' dir='ltr'><em>Tum</em></span> <span class='ocrx_word' id='word_1_147' title='bbox 868 1656 1178 1702; x_wconf 81' lang='lat' dir='ltr'><em>Mostellariae</em></span> <span class='ocrx_word' id='word_1_148' title='bbox 1213 1672 1368 1702; x_wconf 87' lang='lat' dir='ltr'><em>scenas</em></span> <span class='ocrx_word' id='word_1_149' title='bbox 1403 1655 1464 1702; x_wconf 87' lang='lat' dir='ltr'><em>ad</em></span> 
     </span>
     <span class='ocr_line' id='line_1_24' title="bbox 379 1721 1464 1783; baseline -0.002 -15"><span class='ocrx_word' id='word_1_150' title='bbox 379 1725 629 1770; x_wconf 84' lang='lat' dir='ltr'><em>meliorem</em></span> <span class='ocrx_word' id='word_1_151' title='bbox 645 1722 863 1766; x_wconf 85' lang='lat' dir='ltr'><em>ordinem</em></span> <span class='ocrx_word' id='word_1_152' title='bbox 881 1721 1060 1783; x_wconf 83' lang='lat' dir='ltr'><em>redegit</em></span> <span class='ocrx_word' id='word_1_153' title='bbox 1073 1755 1086 1776; x_wconf 86' lang='lat'>‚</span> <span class='ocrx_word' id='word_1_154' title='bbox 1113 1722 1164 1765; x_wconf 89' lang='lat' dir='ltr'><em>in</em></span> <span class='ocrx_word' id='word_1_155' title='bbox 1183 1737 1282 1780; x_wconf 89' lang='lat' dir='ltr'><em>quo</em></span> <span class='ocrx_word' id='word_1_156' title='bbox 1303 1732 1464 1766; x_wconf 88' lang='lat' dir='ltr'><em>tamen</em></span> 
     </span>
     <span class='ocr_line' id='line_1_25' title="bbox 376 1785 1463 1844; baseline -0.003 -11"><span class='ocrx_word' id='word_1_157' title='bbox 376 1805 404 1833; x_wconf 82' lang='lat' dir='ltr'>a</span> <span class='ocrx_word' id='word_1_158' title='bbox 424 1786 689 1832; x_wconf 81' lang='lat' dir='ltr'><em>Camerario</em></span> <span class='ocrx_word' id='word_1_159' title='bbox 705 1795 946 1844; x_wconf 85' lang='lat' dir='ltr'><em>superatus</em></span> <span class='ocrx_word' id='word_1_160' title='bbox 965 1798 1045 1829; x_wconf 87' lang='lat' dir='ltr'><em>est.</em></span> <span class='ocrx_word' id='word_1_161' title='bbox 1063 1785 1188 1830; x_wconf 86' lang='lat' dir='ltr'><em>Male</em></span> <span class='ocrx_word' id='word_1_162' title='bbox 1209 1802 1323 1832; x_wconf 88' lang='lat' dir='ltr'><em>vero</em></span> <span class='ocrx_word' id='word_1_163' title='bbox 1343 1786 1463 1831; x_wconf 88' lang='lat' dir='ltr'><em>duos</em></span> 
     </span>
     <span class='ocr_line' id='line_1_26' title="bbox 378 1849 1461 1914; baseline -0.002 -17"><span class='ocrx_word' id='word_1_164' title='bbox 378 1851 626 1898; x_wconf 81' lang='lat' dir='ltr'><em>interdum</em></span> <span class='ocrx_word' id='word_1_165' title='bbox 646 1865 799 1894; x_wconf 77' lang='lat' dir='ltr'><em>versus</em></span> <span class='ocrx_word' id='word_1_166' title='bbox 816 1849 865 1893; x_wconf 89' lang='lat' dir='ltr'><em>in</em></span> <span class='ocrx_word' id='word_1_167' title='bbox 888 1863 1043 1895; x_wconf 88' lang='lat' dir='ltr'><em>unum</em></span> <span class='ocrx_word' id='word_1_168' title='bbox 1059 1850 1291 1895; x_wconf 83' lang='lat' dir='ltr'><em>contraxit</em></span> <span class='ocrx_word' id='word_1_169' title='bbox 1307 1851 1461 1914; x_wconf 88' lang='lat' dir='ltr'><em>Ange-</em></span> 
     </span>
     <span class='ocr_line' id='line_1_27' title="bbox 380 1912 1459 1980; baseline -0.002 -19"><span class='ocrx_word' id='word_1_170' title='bbox 380 1917 554 1980; x_wconf 82' lang='lat' dir='ltr'><em>gelius,</em></span> <span class='ocrx_word' id='word_1_171' title='bbox 579 1912 952 1960; x_wconf 77' lang='lat' dir='ltr'><em>autdimidiatos</em></span> <span class='ocrx_word' id='word_1_172' title='bbox 974 1930 1062 1974; x_wconf 89' lang='lat' dir='ltr'><em>pro</em></span> <span class='ocrx_word' id='word_1_173' title='bbox 1080 1914 1270 1978; x_wconf 86' lang='lat' dir='ltr'><em>integris</em></span> <span class='ocrx_word' id='word_1_174' title='bbox 1288 1916 1459 1975; x_wconf 86' lang='lat' dir='ltr'><em>posuit.</em></span> 
     </span>
    </p>

    <p class='ocr_par' dir='ltr' id='par_1_4' title="bbox 178 1978 1462 2351">
     <span class='ocr_line' id='line_1_28' title="bbox 178 1978 1462 2042; baseline -0.002 -15"><span class='ocrx_word' id='word_1_175' title='bbox 178 2005 345 2033; x_wconf 56' lang='grc' dir='ltr'><em>ῳ...-</em></span> <span class='ocrx_word' id='word_1_176' title='bbox 378 1982 689 2042; x_wconf 76' lang='lat' dir='ltr'><em>Argentoraci,</em></span> <span class='ocrx_word' id='word_1_177' title='bbox 712 1997 755 2039; x_wconf 88' lang='lat'><em>4.</em></span> <span class='ocrx_word' id='word_1_178' title='bbox 776 1979 841 2023; x_wconf 90' lang='grc' dir='ltr'><em>Μ.</em></span> <span class='ocrx_word' id='word_1_179' title='bbox 859 1979 967 2024; x_wconf 90' lang='lat' dir='ltr'><em>Acci</em></span> <span class='ocrx_word' id='word_1_180' title='bbox 982 1978 1136 2025; x_wconf 83' lang='lat' dir='ltr'><em>Plauti</em></span> <span class='ocrx_word' id='word_1_181' title='bbox 1151 1980 1295 2025; x_wconf 85' lang='lat' dir='ltr'><em>Asinii</em></span> <span class='ocrx_word' id='word_1_182' title='bbox 1313 1982 1462 2025; x_wconf 87' lang='lat' dir='ltr'><em>comici</em></span> 
     </span>
     <span class='ocr_line' id='line_1_29' title="bbox 378 2043 1457 2108; baseline -0.003 -15"><span class='ocrx_word' id='word_1_183' title='bbox 378 2048 608 2093; x_wconf 83' lang='lat' dir='ltr'><em>clarissimi</em></span> <span class='ocrx_word' id='word_1_184' title='bbox 645 2043 892 2092; x_wconf 80' lang='lat' dir='ltr'><em>Comoediae</em></span> <span class='ocrx_word' id='word_1_185' title='bbox 939 2046 1147 2107; x_wconf 78' lang='lat' dir='ltr'><em>quinque.</em></span> <span class='ocrx_word' id='word_1_186' title='bbox 1181 2044 1429 2108; x_wconf 76' lang='lat' dir='ltr'><em>Amphitryo</em></span> <span class='ocrx_word' id='word_1_187' title='bbox 1443 2079 1457 2094; x_wconf 87' lang='lat'><em>.</em></span> 
     </span>
     <span class='ocr_line' id='line_1_30' title="bbox 376 2109 1459 2172; baseline 0 -15"><span class='ocrx_word' id='word_1_188' title='bbox 376 2113 607 2158; x_wconf 82' lang='lat' dir='ltr'><em>Asinaria,</em></span> <span class='ocrx_word' id='word_1_189' title='bbox 635 2109 890 2157; x_wconf 75' lang='lat' dir='ltr'><em>Aulularia,</em></span> <span class='ocrx_word' id='word_1_190' title='bbox 914 2109 1085 2172; x_wconf 81' lang='lat' dir='ltr'><em>Captivi</em></span> <span class='ocrx_word' id='word_1_191' title='bbox 1106 2109 1213 2159; x_wconf 81' lang='lat' dir='ltr'><em>duo,</em></span> <span class='ocrx_word' id='word_1_192' title='bbox 1237 2110 1459 2157; x_wconf 78' lang='lat' dir='ltr'><em>Curculio.</em></span> 
     </span>
     <span class='ocr_line' id='line_1_31' title="bbox 376 2173 1460 2235; baseline -0.005 -13"><span class='ocrx_word' id='word_1_193' title='bbox 376 2193 473 2222; x_wconf 86' lang='lat' dir='ltr'><em>cum</em></span> <span class='ocrx_word' id='word_1_194' title='bbox 501 2175 884 2221; x_wconf 84' lang='lat' dir='ltr'><em>lucubratiunculis</em></span> <span class='ocrx_word' id='word_1_195' title='bbox 914 2191 966 2219; x_wconf 81' lang='lat' dir='ltr'><em>ex</em></span> <span class='ocrx_word' id='word_1_196' title='bbox 994 2176 1308 2221; x_wconf 80' lang='lat' dir='ltr'><em>commentariis</em></span> <span class='ocrx_word' id='word_1_197' title='bbox 1326 2173 1460 2235; x_wconf 86' lang='lat' dir='ltr'><em>Pyla-</em></span> 
     </span>
     <span class='ocr_line' id='line_1_32' title="bbox 378 2238 1457 2300; baseline -0.004 -14"><span class='ocrx_word' id='word_1_198' title='bbox 378 2241 446 2286; x_wconf 81' lang='lat' dir='ltr'><em>dis</em></span> <span class='ocrx_word' id='word_1_199' title='bbox 464 2240 677 2285; x_wconf 82' lang='lat' dir='ltr'><em>Brixiani</em></span> <span class='ocrx_word' id='word_1_200' title='bbox 697 2241 852 2286; x_wconf 84' lang='lat' dir='ltr'><em>ornati.</em></span> <span class='ocrx_word' id='word_1_201' title='bbox 884 2240 940 2284; x_wconf 92' lang='lat' dir='ltr'><em>ln</em></span> <span class='ocrx_word' id='word_1_202' title='bbox 963 2238 1080 2284; x_wconf 73' lang='lat' dir='ltr'><em>finet</em></span> <span class='ocrx_word' id='word_1_203' title='bbox 1105 2240 1388 2300; x_wconf 73' lang='lat' dir='ltr'><em>Argentorati</em></span> <span class='ocrx_word' id='word_1_204' title='bbox 1403 2253 1457 2284; x_wconf 83' lang='lat' dir='ltr'><em>ex</em></span> 
     </span>
     <span class='ocr_line' id='line_1_33' title="bbox 379 2302 1262 2351; baseline -0.005 0"><span class='ocrx_word' id='word_1_205' title='bbox 379 2304 551 2351; x_wconf 80' lang='lat' dir='ltr'><em>aedibus</em></span> <span class='ocrx_word' id='word_1_206' title='bbox 566 2305 782 2350; x_wconf 77' lang='lat' dir='ltr'><em>Matthiae</em></span> <span class='ocrx_word' id='word_1_207' title='bbox 795 2303 1027 2351; x_wconf 77' lang='lat' dir='ltr'><em>Schurerz&#39;i.</em></span> <span class='ocrx_word' id='word_1_208' title='bbox 1044 2302 1211 2348; x_wconf 91' lang='lat' dir='ltr'><em>MDXI</em></span> <span class='ocrx_word' id='word_1_209' title='bbox 1218 2304 1262 2348; x_wconf 84' lang='lat' dir='ltr'><em>V.</em></span> 
     </span>
    </p>

    <p class='ocr_par' dir='ltr' id='par_1_5' title="bbox 184 2366 1455 2497">
     <span class='ocr_line' id='line_1_34' title="bbox 184 2366 1452 2431; baseline -0.006 -12"><span class='ocrx_word' id='word_1_210' title='bbox 184 2389 218 2419; x_wconf 89' lang='lat' dir='ltr'><em>s.</em></span> <span class='ocrx_word' id='word_1_211' title='bbox 267 2387 305 2419; x_wconf 82' lang='lat' dir='ltr'><em>a.</em></span> <span class='ocrx_word' id='word_1_212' title='bbox 375 2370 580 2426; x_wconf 68' lang='lat' dir='ltr'><em>Louanii,</em></span> <span class='ocrx_word' id='word_1_213' title='bbox 601 2385 644 2426; x_wconf 85' lang='lat'><em>4.</em></span> <span class='ocrx_word' id='word_1_214' title='bbox 661 2369 858 2414; x_wconf 83' lang='lat' dir='ltr'><em>Martini</em></span> <span class='ocrx_word' id='word_1_215' title='bbox 873 2367 1029 2431; x_wconf 81' lang='lat' dir='ltr'><em>Dorpii</em></span> <span class='ocrx_word' id='word_1_216' title='bbox 1043 2366 1087 2413; x_wconf 90' lang='lat' dir='ltr'><em>S.</em></span> <span class='ocrx_word' id='word_1_217' title='bbox 1107 2368 1253 2413; x_wconf 89' lang='lat' dir='ltr'><em>theol.</em></span> <span class='ocrx_word' id='word_1_218' title='bbox 1274 2366 1452 2412; x_wconf 89' lang='lat' dir='ltr'><em>Licent.</em></span> 
     </span>
     <span class='ocr_line' id='line_1_35' title="bbox 378 2431 1455 2497; baseline -0.003 -15"><span class='ocrx_word' id='word_1_219' title='bbox 378 2433 626 2497; x_wconf 68' lang='lat' dir='ltr'><em>Dialogus:</em></span> <span class='ocrx_word' id='word_1_220' title='bbox 648 2433 698 2483; x_wconf 82' lang='lat' dir='ltr'><em>in</em></span> <span class='ocrx_word' id='word_1_221' title='bbox 714 2449 814 2495; x_wconf 85' lang='lat' dir='ltr'><em>quo</em></span> <span class='ocrx_word' id='word_1_222' title='bbox 832 2431 993 2483; x_wconf 76' lang='lat' dir='ltr'><em>Venus</em></span> <span class='ocrx_word' id='word_1_223' title='bbox 1012 2443 1061 2480; x_wconf 86' lang='lat' dir='ltr'><em>et</em></span> <span class='ocrx_word' id='word_1_224' title='bbox 1078 2431 1270 2495; x_wconf 81' lang='lat' dir='ltr'><em>Cupido</em></span> <span class='ocrx_word' id='word_1_225' title='bbox 1291 2445 1455 2484; x_wconf 78' lang='lat' dir='ltr'><em>omnes</em></span> 
     </span>
    </p>
   </div>
  </div>
 </body>
</html>
