1650 2826
1153 0 1162 25 Χ

243 195 332 242 312
499 158 1154 231 *BAC'CHIDES
1351 198 1516 230 v.100

242 285 400 333 Nescit
427 285 548 347 quid
578 285 712 332 faciat
742 303 868 332 auro.

601 388 633 420 N
671 389 690 420 1
727 389 752 420 c
793 388 824 420 o
863 387 890 420 Β
928 387 963 419 U
999 387 1028 419 L
1068 386 1103 419 U
1141 386 1177 419 s.

938 446 1059 494 Mihi
1093 447 1274 493 dederit
1307 450 1464 497 velim.

226 522 340 572 -Sed
357 524 443 584 qui
461 534 701 584 praesente
721 523 771 568 id
789 539 958 568 aurum
975 522 1238 568 Theotimo
1257 522 1422 569 datum
1436 524 1522 570 ’sti'

591 621 617 652 c
653 621 687 653 H
722 621 755 653 R
791 621 823 652 Y
862 619 884 653 S
921 619 954 652 A
989 620 1018 653 Ι,
1055 621 1088 652 U
1128 620 1166 653 s.

243 689 435 750 Populo
457 699 698 749 praesente
719 707 728 732 ε
763 688 903 733 nullu
919 688 973 733 ’st
989 688 1182 750 Ephesi,
1204 689 1323 750 quin
1346 688 1467 734 sciat.

600 788 633 819 N
671 787 689 819 1
725 787 750 819 c
787 787 818 818 o
856 787 883 818 Β
920 786 955 818 U
990 783 1037 819 L'
1059 785 1093 817 U
1131 785 1168 818 s.

246 860 373 907 Istuc
398 859 627 921 sapienter
656 860 817 904 saltem
843 857 952 903 fecit
982 857 1129 914 filius,

249 932 421 1000 Quom
444 932 577 977 diviti
602 931 786 977 homini
810 930 858 975 id
873 946 1040 975 aurum
1059 929 1341 975 servandum
1360 927 1492 974 dedit
1510 946 1521 974 ε

247 1004 324 1050 Ab
355 1021 411 1050 eo
439 1004 600 1049 licebit
636 1004 850 1064 quamvis
874 1003 1033 1048 subito
1061 1018 1256 1048 sumere.

594 1106 620 1137 c
657 1105 689 1138 H
726 1106 759 1138 R
794 1104 826 1137 Y
864 1104 885 1138 s
924 1104 958 1136 A
993 1104 1022 1136 L
1062 1102 1096 1135 U
1133 1103 1172 1136 s.

247 1171 406 1218 Immo
432 1173 542 1218 hem
574 1174 798 1234 tantisper
823 1189 1095 1233 numquam
1123 1182 1171 1217 te
1197 1171 1458 1217 morabitur
1476 1205 1492 1228 ,

251 1244 390 1314 Quin
423 1247 590 1292 habeas
622 1247 744 1292 illud
780 1263 879 1307 quo
908 1246 984 1291 die
1011 1246 1124 1291 illuc
1145 1245 1339 1291 veneris.

600 1347 633 1380 N
672 1347 692 1379 1
729 1347 754 1379 c
794 1347 825 1378 o
865 1346 893 1378 B
930 1347 965 1379 U
1002 1347 1030 1379 L
1055 1327 1103 1378 'U
1140 1345 1178 1378 s,

251 1417 510 1476 Censebam
539 1435 617 1464 me
646 1418 857 1482 effugisse
882 1436 907 1463 a
929 1418 1024 1464 vita
1052 1416 1332 1473 marituma,

250 1488 324 1535 Ne
354 1491 617 1555 navigarem
654 1491 849 1537 tandem
880 1491 973 1536 hoc
999 1490 1156 1536 aetatis
1185 1505 1356 1546 senex,

249 1562 309 1607 Id
337 1563 404 1607 mi
432 1564 560 1609 haud
590 1575 752 1610 utrum
780 1560 925 1609 velim
954 1563 1090 1609 licere
1114 1562 1366 1625 intellego;

249 1635 321 1680 Ita
347 1636 499 1683 bellus
534 1638 700 1700 hospes
728 1637 838 1683 fecit
855 1635 1234 1682 Archidemides.

250 1705 344 1752 Ubi
373 1724 507 1755 nunc
540 1720 606 1755 est
630 1726 740 1775 ergo
766 1725 899 1754 meus
923 1708 1240 1754 Mnesilochus
1270 1707 1390 1752 filius
1408 1707 1431 1752 ?

585 1810 611 1841 C
649 1810 682 1841 H
719 1811 751 1842 R
788 1810 820 1841 Y
857 1809 879 1842 S
916 1810 949 1842 A
985 1810 1013 1843 L
1051 1810 1086 1842 U
1123 1809 1159 1843 S.

249 1877 378 1926 Deos
405 1889 550 1939 atque
585 1879 758 1925 amicos
792 1879 845 1924 iit
874 1880 1128 1925 salutatum
1153 1879 1211 1925 ad
1240 1879 1412 1926 forum.

596 1975 629 2007 N
668 1976 686 2007 I
723 1976 749 2008 C
789 1975 820 2008 O
860 1975 888 2007 B
926 1975 960 2008 U
995 1977 1024 2008 L
1062 1977 1097 2009 U
1135 1975 1171 2011 S.

247 2045 315 2094 At
344 2062 431 2111 ego
456 2046 568 2092 hinc
595 2045 655 2091 ad
683 2047 847 2105 illum,
871 2058 927 2093 ut
951 2049 1257 2105 conveniam,
1287 2058 1524 2109 quantum

499 2131 669 2184 potest.

601 2209 627 2240 C
665 2209 698 2243 H
736 2209 768 2241 R
803 2208 838 2241 Y
875 2208 896 2242 S
935 2208 969 2242 A
1005 2210 1033 2241 L
1071 2208 1107 2241 U
1143 2209 1181 2243 S·

250 2271 337 2316 Ille
369 2282 434 2315 est
465 2284 682 2318 oneratus
712 2283 866 2329 recte,
896 2283 942 2318 et
967 2275 1073 2335 plus
1093 2275 1222 2337 justo
1248 2272 1391 2317 vehit.

249 2344 422 2390 Exorsa
453 2346 566 2390 haec
596 2348 687 2394 tela
713 2362 813 2392 non
840 2347 962 2391 male
991 2345 1189 2391 omnino
1213 2344 1330 2388 mihi
1360 2357 1456 2403 est,

248 2413 314 2461 Ut
343 2426 578 2461 amantem
614 2417 810 2465 herilem
837 2433 1007 2478 copem
1038 2417 1235 2463 facerem
1265 2416 1433 2463 filium.
