1650 2826
104 192 257 239 v.133
358 171 647 223 ACTUS
693 172 821 220 111.
874 171 982 221 SC.
1029 175 1169 248 ΙΙΙ..
1287 195 1377 243 179

498 288 935 328 LIBANUS·

455 367 532 415 Ad
550 383 629 413 me
647 366 724 412 adi
739 366 966 423 vicissim,
985 377 1131 448 atque
1154 373 1375 431 experire.

109 445 295 508 Exopta
313 440 366 488 id
382 440 519 503 quod
536 439 605 487 vis
630 454 857 484 maxume
879 439 969 485 tibi
998 440 1211 493 evenire;
1239 443 1333 490 fiet.

389 540 453 584 Δ
487 549 521 583 R
558 548 591 582 G
627 548 661 581 Y
696 550 730 583 R
764 548 786 581 I
823 550 851 583 P
885 548 914 581 P
949 549 986 582 U
1022 549 1063 584 S·

109 626 244 700 Quid
260 642 347 692 ego
365 625 496 673 aliud
512 637 739 708 exoptem
756 625 983 688 amplius,
1003 626 1091 672 nisi
1116 626 1238 674 illud
1256 643 1381 689 quo-

349 701 426 764 jus
452 699 613 760 inopia
626 697 709 744 ’sti'

108 772 287 839 Viginti
302 773 482 838 argenti
501 771 777 819 commodas
793 771 964 830 mina,
978 772 1119 836 hujus
1138 789 1253 834 quas
1268 772 1381 820 dem

356 857 507 892 mam.

520 945 958 980 LIBANUS.

66 1056 77 1064 κ
111 1026 395 1074 Dabuntur:
427 1026 589 1080 animo
621 1025 677 1072 sis
709 1025 842 1072 bono
872 1025 971 1073 face
995 1045 1005 1071 :
1041 1036 1262 1088 exoptata
1291 1024 1380 1071 ob-

362 1101 561 1165 tingent.

183 1247 186 1249 ,
420 1201 455 1234 A
489 1203 522 1234 R
558 1201 591 1234 G
626 1201 663 1234 Y
696 1204 730 1236 R
764 1203 785 1235 1
818 1203 847 1236 P
885 1203 914 1236 P
949 1202 985 1235 U
1021 1202 1061 1237 s.

108 1266 179 1313 Ut
200 1282 483 1313 consuevere
498 1301 512 1324 ‚
536 1267 752 1314 homines
780 1268 909 1315 Salus
936 1267 1179 1315 frustratur
1205 1277 1253 1314 et
1270 1266 1307 1313 F
1308 1283 1383 1313 or-

363 1352 492 1386 tuna.

526 1438 973 1478 LEONIDA.

118 1513 221 1578 Ego
252 1525 394 1576 caput
421 1515 532 1560 huic
563 1527 754 1580 argento
782 1517 851 1565 fui
880 1518 1028 1565 hodie
1055 1517 1355 1581 reperiundo.

529 1609 562 1642 1.
597 1610 618 1642 1
653 1611 681 1645 Β
715 1612 751 1645 A
784 1612 817 1645 N
852 1613 887 1647 U
923 1613 967 1649 s.

122 1676 223 1740 Ego
246 1692 328 1738 pes
346 1676 430 1722 fui.
480 1662 485 1664 ‘

425 1769 460 1802 A
495 1771 528 1803 R
564 1770 596 1804 G
632 1771 666 1804 Y
700 1772 734 1806 R
768 1773 791 1805 1
823 1772 852 1806 P
888 1773 918 1809 P
951 1773 988 1807 U
1024 1772 1063 1808 S.

261 1837 395 1908 Quin
411 1855 498 1885 nec
514 1852 677 1902 caput,
694 1857 782 1888 nec
798 1859 880 1904 pes
895 1860 1168 1891 sermonum
1182 1855 1386 1906 apparet.

124 1909 224 1956 Nec
252 1911 372 1972 quid
400 1912 556 1959 dicatis
571 1948 585 1971 ,
612 1930 700 1961 nec
723 1933 803 1962 me
831 1933 915 1963 cur
944 1917 1114 1977 ludatis
1143 1918 1254 1964 scire
1281 1934 1388 1979 pos-

371 2001 489 2030 sum.

534 2080 969 2116 LIBANUS.

122 2141 237 2190 Satis
265 2144 366 2207 jam
400 2143 617 2191 delusum
649 2162 814 2194 censeo
838 2167 847 2192 :
887 2163 1018 2195 nunc
1041 2164 1169 2205 rem,
1197 2158 1254 2193 ut
1282 2158 1348 2194 est
1366 2181 1383 2206 ,

373 2217 664 2277 eloquamur.

51 2303 53 2307 ⁴
124 2286 354 2336 Animum
368 2325 381 2348 ‚
406 2291 668 2356 Argyrippe
683 2328 697 2353 ,
721 2294 915 2342 advorte
936 2296 1003 2344 sis.
1019 2305 1150 2359 pater
1166 2310 1253 2341 nos
1270 2293 1389 2340 ferre

371 2363 462 2409 hoc
485 2365 621 2427 jussit

124 2427 389 2496 Argentum
417 2436 477 2482 ad
495 2447 555 2484 te.
1097 2500 1152 2546 M
1172 2514 1198 2549 α
