1650 2826
158 215 287 262 4Υ.15
489 191 494 194 ⁶
591 192 906 244 ACTU‘S
968 193 1006 240 Ῑ.
1337 195 1424 251 287

625 314 797 349 LYD
834 312 943 347 US.

160 404 344 452 Bacchis
357 403 456 450 hmo
460 392 691 468 procellam
709 401 908 446 concitat.
926 409 1072 445 actum
1088 397 1154 443 ’.σε
1165 397 1427 462 perdidimus

402 474 639 535 remigium.

441 572 1128 609 PISTOCLERUS.

157 650 357 716 Referam
384 666 454 696 me
480 648 540 695 ad
569 648 808 712 scopulum,
840 658 890 692 ut
920 646 1017 690 istic
1047 661 1142 690 cum
1175 656 1315 689 aetate
1339 661 1427 692 rem

393 722 614 788 perduam.

156 795 376 843 Instabilis
400 807 463 840 est
486 810 575 839 sors
594 808 748 838 rerum.
770 807 850 856 pro
875 788 1178 854 lubidinefata
1199 801 1335 851 agunt
1353 788 1427 834 lto-

409 866 554 910 mines.

155 935 249 999 Ego
283 936 383 983 dum
412 938 544 982 amico
573 932 832 980 Mnesilocho
866 948 1034 997 operam
1060 933 1280 997 impertio,

128 1010 234 1056 ⁸·Illi
263 1012 443 1056 amicam
469 1009 629 1073 reperi,
660 1007 733 1053 ubi
753 1018 903 1071 pereat
929 1022 1023 1052 cum
1051 1022 1099 1051 re
1128 1007 1309 1052 assiduo.

156 1081 217 1129 Et
239 1082 370 1132 milti,
399 1098 592 1144 meaeque
625 1082 762 1126 aetati
771 1115 787 1128 .
826 1081 966 1141 reique
986 1095 1103 1125 meae
1121 1081 1268 1143 peperi
1287 1078 1427 1143 infhr-

414 1156 595 1200 tunium.

159 1228 210 1274 Si
227 1228 315 1274 volt
334 1225 508 1290 Cupido,
530 1226 771 1271 adulescens
787 1242 893 1270 sum.
918 1227 1055 1270 aetati
1073 1225 1172 1270 licet
1182 1226 1426 1288 plusculum

160 1297 373 1358 Jacturae
382 1296 561 1360 facere.-
588 1296 760 1343 melius,
780 1307 829 1340 ut
844 1296 891 1340 id
905 1313 1016 1341 nunc
1020 1300 1138 1358 fiat,
1156 1314 1282 1358 quam
1297 1299 1423 1343 senio.

162 1372 409 1434 Sapientum
425 1368 614 1433 profecto
635 1368 690 1413 ’st
716 1367 826 1412 illud
852 1367 1011 1412 dictum
1026 1401 1041 1415 ,
1061 1367 1169 1429 quod
1189 1368 1331 1430 Lydus
1357 1371 1427 1415 in-

411 1453 555 1505 crepat
570 1458 585 1484 .-

161 1515 212 1559 Si
236 1514 445 1558 Astartan
475 1515 502 1539 ⁴*
528 1528 579 1556 on
606 1510 853 1556 Bromium,
884 1508 1077 1570 Deosque
1106 1509 1364 1572 voluptarios

166 1584 398 1632 Contemsit
424 1585 623 1649 juvenis,
658 1584 695 1626 is
738 1593 815 1626 aut
858 1581 1060 1626 insanibit
1080 1615 1096 1629 0
1140 1593 1218 1625 aut
1254 1582 1415 1656 amabit

409 1671 550 1699 senex.

162 1726 362 1791 Referam
388 1743 455 1771 me
490 1726 547 1771 ad
555 1725 778 1790 scopulum
805 1741 860 1770 ex
891 1724 1139 1800 naufragio.
1160 1737 1290 1789 pater
1312 1726 1423 1786 leget

401 1798 646 1861 fragmina.

162 1870 338 1933 Sequere
352 1885 441 1916 me,
471 1869 595 1931 Lyde.
621 1869 735 1916 video
759 1885 915 1915 sorores
931 1871 1150 1931 geminas,
1170 1868 1425 1914 Bacchanal

413 1958 560 1988 meum.
