1650 2826
244 210 302 258 62
546 174 1243 255 AMPHITRUo..
1360 226 1518 273 v.119

586 328 620 362 A
656 329 699 362 M
734 330 763 362 P
800 330 833 362 H
871 330 889 361 1
928 330 958 362 Τ
994 330 1026 363 R
1062 329 1097 362 U
1135 331 1182 363 o.

810 411 968 469 Sosia,
997 429 1107 478 age,
1131 430 1210 459 me
1239 415 1333 461 huc
1361 416 1526 477 aspice.

745 516 768 549 s
805 517 836 549 o
875 517 897 550 s
934 517 954 549 1
991 517 1039 550 A.

242 568 427 632 Specto.

585 663 1186 700 AMPHITRUO.

452 746 574 794 Vera
591 749 705 792 volo
728 748 868 807 loqui
890 758 960 793 te:
986 750 1102 795 nolo
1125 751 1339 798 assentari
1362 750 1494 796 mihi.

244 822 523 873 Audivistin’
552 833 608 867 tu
634 821 780 867 hodie
810 837 890 867 me
915 821 983 867 illi
1012 821 1166 869 dicere
1195 841 1275 883 ea,
1305 841 1428 886 quae
1451 824 1529 869 illa

504 905 720 941 autumat
733 894 755 939 Ρ

732 990 1025 1025 SOSIA.

1218 1034 1222 1050 Ι

244 1068 436 1138 Quaeso
453 1098 467 1122 ,
491 1062 690 1124 edepol,
714 1079 836 1109 num
864 1075 919 1110 tu
944 1082 1145 1126 quoque
1169 1064 1311 1112 etiam
1329 1062 1495 1109 insanis
1511 1095 1527 1119 ,

501 1152 655 1196 quom
682 1136 734 1181 id
755 1154 835 1182 me
861 1137 1114 1202 interrogas
1131 1139 1153 1184 Ρ

248 1213 352 1283 Qui
376 1212 500 1273 ipsus
528 1209 756 1269 equidem
787 1227 919 1257 nunc
948 1213 1160 1273 primum
1188 1214 1334 1260 istanc
1364 1223 1529 1258 tecum

504 1283 742 1345 conspicio
772 1285 925 1331 simul.
1083 1286 1090 1290 ”

600 1387 636 1419 A
672 1387 713 1419 M
747 1388 776 1420 P
812 1389 847 1421 H
882 1389 901 1421 1
941 1389 971 1422 T
1006 1391 1039 1423 R
1075 1389 1111 1422 U
1147 1390 1194 1423 o.

247 1461 385 1533 Quin
402 1476 556 1519 nunc,
583 1460 754 1506 mulier
767 1496 780 1518 ‚
799 1460 956 1506 audin'
983 1460 1153 1506 illum?

621 1561 659 1595 A
691 1561 722 1594 L
758 1562 784 1594 C
823 1562 859 1594 U
894 1563 936 1595 M
970 1562 1000 1594 E
1036 1562 1070 1595 Ν
1106 1561 1155 1594 A.

795 1634 897 1699 Ego
923 1652 1064 1686 vero;
1089 1651 1141 1680 ac
1170 1632 1339 1680 falsum
1365 1630 1531 1677 dicere.

596 1740 631 1772 A
667 1740 710 1772 M
744 1740 772 1772 P
810 1741 843 1772 H
879 1741 899 1772 1
937 1741 967 1772 T
1003 1742 1036 1774 R
1073 1739 1108 1771 U
1145 1739 1191 1772 o.

248 1812 420 1874 Neque
436 1825 492 1860 tu
508 1814 577 1859 illi
588 1849 601 1872 ,
621 1831 781 1875 neque
798 1816 866 1861 mi
880 1816 980 1862 viro
1000 1816 1086 1876 ipsi
1104 1815 1248 1861 credis
1261 1814 1284 1860 P

625 1920 661 1952 A
694 1920 724 1953 L
761 1921 788 1953 c
826 1920 860 1954 U
898 1921 940 1953 M
974 1921 1003 1952 E
1042 1922 1076 1953 N
1112 1921 1160 1953 A.

1090 1992 1161 2038 Eo
1182 1993 1235 2039 fit
1249 2027 1263 2050 ‚
1286 1995 1398 2054 quia
1415 1996 1534 2042 mihi

249 2064 516 2110 Plurimum
540 2062 681 2108 credo
699 2097 714 2119 ‚
745 2074 793 2108 et
813 2063 906 2110 scio
927 2063 1011 2111 ista
1031 2065 1145 2112 haec
1163 2065 1281 2113 facta
1298 2102 1312 2126 ,
1330 2069 1530 2129 proinde

503 2135 855 2198 utrlproloquor.

550 2269 553 2273 ,
597 2242 632 2274 A
669 2241 712 2273 M
747 2241 774 2273 P
811 2241 844 2273 H
880 2241 900 2273 1
938 2241 968 2274 T
1003 2245 1036 2277 R
1073 2244 1107 2276 U
1144 2245 1190 2279 ο.

251 2317 376 2364 Tun’
394 2334 473 2365 me
492 2319 592 2366 heri
610 2319 847 2366 advenisse
866 2310 976 2373 dicis
997 2319 1018 2364 ?

624 2433 659 2466 A
694 2433 724 2466 L
761 2433 789 2465 c
827 2432 863 2464 u
899 2433 941 2465 M
976 2434 1005 2465 E
1043 2435 1075 2468 N
1113 2418 1191 2468 A.'

687 2506 813 2551 Tun’
832 2517 879 2551 te
897 2507 1039 2553 abisse
1063 2508 1206 2554 hodie
1230 2510 1341 2557 hinc
1357 2511 1531 2574 negas?
