1650 2826
1336 167 1425 228 3&

345 322 1291 383 ARGJUMENTUM·

364 499 371 510 ,
447 462 548 526 (Ut
586 460 874 524 quibusdam
908 459 1131 522 videtur)

541 591 573 632 Ρ
599 591 638 632 R
664 590 683 631 1
710 590 736 632 S
762 589 800 632 C
825 589 845 630 1
871 589 912 630 A
935 589 975 631 N
1000 589 1034 630 1.

222 711 449 768 CAPTUS
470 731 532 766 est
564 720 772 784 inpugna
801 717 1013 779 Hegionis
1035 718 1187 780 filiusu

153 794 300 842 Alium
320 794 589 859 quadrimum
598 789 787 857 fugiens
811 809 956 839 servus
968 791 1171 839 vendidit.

133 866 293 920 ,Pater
323 867 509 931 captivos
540 876 847 910 commereatur
868 864 1016 911 Alios,

161 936 352 987 Tantum
382 938 582 987 studens,
607 940 674 984 uti
702 950 853 984 natum
881 948 1109 1000 recuperet.

154 1008 216 1058 Et
235 1011 280 1057 in
303 1010 394 1057 ibus
422 1013 524 1056 emit
548 1011 648 1055 olim
678 1012 879 1055 amissum
894 1009 1060 1072 filium,

156 1084 206 1130 Is
219 1100 291 1128 suo
324 1100 419 1128 cum
448 1083 608 1127 domino
641 1094 753 1128 veste
785 1098 907 1128 versa
925 1097 975 1126 ac
997 1081 1208 1128 nomine,¹

0 1161 16 1220 ἱ.
164 1152 225 1198 Ut
251 1154 480 1198 amittatur
494 1151 611 1214 fecit
627 1170 640 1195 .·
661 1154 775 1215 ipsus
800 1152 1020 1215 plectitur.

159 1224 220 1272 Et
237 1227 274 1269 is
300 1223 474 1269 reduxit
502 1233 671 1286 captum
695 1235 735 1267 et
744 1223 991 1286 fugitivum
1023 1223 1176 1271 simul,

160 1296 328 1341 Indicio
362 1298 482 1362 cujus
514 1296 647 1340 alium
669 1298 864 1355 agnoscit
882 1296 1047 1357 filium.

225 1437 554 1484 ALIUD
630 1426 1374 1485 ARGUMENT‘UM

530 1568 1062 1611 CAMERAnlz

229 1688 497 1737 FABULAE
543 1688 641 1733 huic
682 1705 828 1734 nomen
864 1700 1108 1736 CAPTIVI
1141 1703 1272 1739 Duo.
1315 1694 1439 1740 Inter

166 1764 397 1810 Plautinas
418 1778 556 1806 omnes
571 1761 673 1805 haec
683 1773 725 1805 et
740 1774 989 1825 argumento
1009 1774 1051 1806 et
1067 1766 1321 1826 expositione
1334 1769 1441 1830 opti·-

165 1855 238 1884 ma
266 1848 329 1881 est
352 1848 394 1880 et
420 1835 747 1895 elegantissima.
784 1836 879 1898 Ipse
900 1838 1027 1880 etiam
1046 1838 1174 1900 polita
1200 1837 1309 1883 hanc
1333 1856 1441 1885 com-

166 1910 370 1958 mendac,
408 1921 457 1954 ut
478 1909 631 1972 pudice
657 1911 872 1972 scriptam.
905 1910 1149 1972 Multaeque
1187 1912 1314 1957 bonae
1346 1931 1442 1959 sen-

167 1986 327 2028 tentiae
360 1984 402 2027 in
444 1981 522 2025 Izac
570 1982 747 2027 insunt,
777 1992 818 2024 et
847 1983 1028 2026 eximiae
1051 1982 1166 2043 fidei
1207 1986 1442 2048 exemplum

168 2056 280 2100 servi
309 2070 413 2114 erga
443 2052 614 2097 herilem
629 2053 793 2114 filium.
818 2051 921 2097 Cum
943 2055 1051 2097 enim
1076 2054 1227 2098 bellum
1245 2068 1351 2100 esset
1374 2060 1444 2102 in-

169 2139 235 2172 ter
257 2128 425 2171 Aetolos
448 2138 489 2170 et
503 2125 715 2173 Elienses,
736 2128 903 2190 capitur
923 2127 1233 2190 Philopolemus
1250 2129 1440 2181 Aetolus,

169 2199 381 2260 Hegionis
407 2200 558 2262 filius,
587 2201 763 2260 itemque
799 2198 981 2244 Eliensis
1014 2199 1292 2247 Philocrates.
1308 2203 1443 2250 Hunc
1482 2192 1493 2199 ι

170 2270 313 2332 Hegio
345 2289 431 2316 una
451 2289 545 2316 cum
570 2287 686 2316 servo
721 2270 915 2332 Tyndaro
945 2273 1075 2318 emit,
1100 2272 1213 2332 quod
1238 2289 1442 2336 speraret,

168 2359 288 2405 possse
325 2346 468 2406 aliqua
495 2345 807 2407 permutatione
838 2345 1094 2407 captivorum
1122 2360 1369 2408 recuperare
1399 2365 1443 2392 se

162 2411 313 2474 filium
332 2430 469 2475 suum.
495 2413 581 2459 Sed
600 2415 723 2477 interr
743 2413 957 2460 dominum
978 2425 1021 2460 et
1045 2429 1211 2459 servum
1236 2419 1441 2464 convenit,
1498 2461 1503 2464 .

1072 2485 1220 2535 Bb2
