1650 2826
247 214 340 267 sos
559 178 1206 264 AULU'LARIA.
1408 233 1536 286 v.14

244 323 320 372 Ne
350 339 532 372 caussae
565 322 687 385 quid
725 323 811 382 sit,
842 324 981 386 quod
1020 338 1068 373 te
1101 326 1359 388 quisquam
1393 346 1538 392 quae-

499 407 624 443 riret.

245 476 370 523 Nam
393 473 429 520 si
461 473 579 538 ignis
617 469 748 520 vivet
764 504 779 531 9
803 481 860 520 tu
894 472 1191 538 exstinguere
1222 479 1519 539 extempulo.

245 550 380 598 Tum
410 563 587 608 aquam
613 546 843 611 aufugisse
878 547 1023 593 dicito
1043 579 1056 605 ,
1088 548 1124 593 si
1151 549 1256 610 quis
1281 563 1429 612 petet.

245 624 471 671 Cultrum
487 655 500 678 ,
530 620 731 666 securim
747 656 761 678 ,
794 621 1027 682 pistillum
1045 656 1059 679 ‚
1091 625 1403 685 mortarium,

245 700 388 769 Quae
416 695 597 742 utenda
618 711 724 746 vasa
754 711 938 756 semper
967 697 1112 742 vicini
1134 711 1302 762 rogant
1319 734 1336 758 ‚

207 791 210 794 ·
244 772 390 818 Fures
420 770 631 826 venisse,
665 779 811 829 atque
845 767 1085 814 abstulisse
1114 770 1274 818 dicito.

244 844 466 892 Profecto
499 842 550 888 in
580 840 705 888 aedis
732 857 857 886 meas
887 857 966 886 me
998 842 1193 889 absente
1223 845 1473 894 neminem

246 917 376 965 Volo
404 913 683 961 intromitti;
711 923 857 973 atque
885 912 1028 958 etiam
1052 914 1146 960 hoc
1176 918 1400 977 praedico
1417 921 1506 967 tibi
1522 955 1536 979 9

250 989 302 1038 Si
329 989 463 1036 Bona
484 988 695 1034 Fortuna
723 987 883 1033 veniat
898 1021 912 1044 ‚
932 1002 995 1032 ne
1017 987 1333 1039 intromiseris.

645 1089 1164 1130 STAPHYLA.

245 1178 337 1224 Pol
364 1191 416 1221 ea
445 1174 544 1236 ipsa
574 1172 716 1219 credo
744 1189 806 1219 ne
840 1173 1186 1223 intromittatur
1214 1158 1373 1226 caveti

247 1250 374 1297 Nam
390 1247 453 1295 ad
477 1246 602 1293 aedis
623 1258 800 1294 nostras
817 1265 1058 1311 nusquam
1074 1251 1191 1299 adiit
1202 1286 1217 1312 ,
1239 1269 1536 1319 quamquam

376 1331 378 1334 ·
502 1335 655 1381 prope
681 1320 749 1366 'st.

695 1421 726 1455 Ε
763 1422 799 1455 U
835 1423 862 1455 c
895 1423 928 1457 1.
963 1424 985 1458 1
1021 1426 1070 1459 ο.

247 1500 374 1548 Tace
389 1533 404 1561 ,
427 1509 575 1562 atque
604 1495 683 1545 abi
705 1498 845 1546 intro.

625 1598 650 1632 s
690 1597 720 1630 T
756 1597 791 1631 A
828 1597 857 1630 Ρ
893 1591 928 1629 Η
964 1592 999 1630 Y
1033 1596 1065 1630 1.
1099 1596 1150 1631 A.

803 1667 961 1715 Taceo
977 1702 991 1726 ,
1005 1679 1152 1730 atque
1173 1669 1308 1717 abeo·

702 1767 1082 1818 Eucho.

1246 1829 1464 1879 Occlude
1481 1831 1535 1878 sis

250 1901 379 1949 Foris
410 1895 648 1947 ambobus
679 1900 884 1963 pessulis,
914 1902 1016 1967 jam
1041 1920 1130 1968 ego
1157 1904 1235 1950 hic
1261 1921 1354 1950 ero.

249 1974 518 2022 Discrucior
555 1974 701 2020 animi
718 2010 732 2033 ,
765 1975 878 2037 quia
905 1976 966 2022 ab
997 1976 1146 2024 domo
1169 1977 1448 2023 abeundum
1479 1977 1532 2024 ’st

503 2048 636 2093 mihi.

249 2120 401 2167 Nimis
429 2121 586 2166 hercle
614 2122 791 2169 invitus
819 2123 966 2170 abeo:
992 2124 1074 2170 sed
1097 2123 1219 2186 quid
1243 2138 1402 2188 agam,
1421 2122 1528 2170 scio.

248 2190 374 2238 Nam
401 2205 561 2239 noster
591 2208 777 2242 nostrae
808 2197 893 2258 qui
925 2208 991 2244 est
1019 2198 1234 2262 magister
1258 2197 1451 2255 Curiae,

248 2262 476 2310 Dividere
502 2269 682 2330 argenti
709 2268 829 2316 dixit
851 2285 1076 2316 nummos
1098 2270 1149 2315 in
1177 2270 1323 2316 viros:

248 2336 310 2383 Id
342 2335 377 2380 si
406 2338 629 2398 relinquo
646 2376 659 2399 ‚
688 2360 740 2389 ac
762 2358 863 2390 non
891 2356 1007 2407 peto
1027 2379 1042 2402 ,
1067 2359 1230 2390 omnes
1250 2342 1377 2387 illico

248 2411 331 2457 Me
361 2411 679 2472 suspicentur,
713 2416 881 2473 credo,
905 2416 1078 2462 habere
1106 2430 1274 2459 aurum
1298 2412 1443 2459 domi.

250 2481 374 2530 Nam
401 2499 503 2531 non
530 2496 596 2531 est
621 2487 897 2545 verisimile,
921 2486 1169 2534 hominem
1192 2502 1452 2550 pauperem
