1650 2826
89 232 267 278 -v23
460 209 746 260 ACTUS
799 174 843 255 1ss
886 208 992 256 sc.
1045 210 1121 255 11.
1318 227 1407 273 393

151 322 305 391 Quod
322 320 515 368 mihine
527 317 738 374 eveniat,
757 317 1047 362 nonnullum
1066 317 1360 378 periculum’
1362 329 1416 362 st.

145 395 271 441 Nam
303 405 555 456 postquam
580 407 713 436 meus
745 406 828 435 rex
860 401 927 435 est
956 389 1137 451 potitus
1167 390 1376 436 hostium
1399 423 1413 446 ‚

147 468 221 513 Ita
246 482 374 513 nunc
399 464 673 528 belligerant
701 462 860 508 Aetoli
888 479 999 508 cum
1030 462 1155 508 Aliis.

147 540 272 585 Nam
297 537 480 584 Aetolia
514 537 626 582 haec
656 547 735 582 est.
768 537 862 582 illic
894 548 1035 597 captu
1051 536 1106 581 ’st
1137 535 1187 581 in
1212 534 1351 589 Alide

146 610 500 672 Philopolemus
530 610 671 673 hujus
703 608 930 673 Hegionis
958 608 1079 653 filius

124 681 276 729 'Senis
291 715 307 738 ‚
329 681 414 742 qui
443 681 519 726 hic
543 681 749 726 habitat:
781 697 902 740 quae
925 680 1058 725 aedes
1086 682 1384 726 lamentariae

143 755 264 804 Mihi
283 767 415 801 'sunt
446 775 455 801 :
498 771 611 816 quas
646 753 1079 815 quotienscumque
1126 754 1365 815 conspicio
1385 788 1402 811 ‚

394 826 501 873 fleo.

143 899 287 946 Nunc
309 899 386 945 hic
414 898 597 960 occepit
626 908 876 958 quaestum
906 898 1034 943 hunc
1066 897 1148 945 filii
1180 900 1322 962 gratia

146 975 462 1020 Inhonestum
478 1008 492 1030 ,
527 988 751 1018 maxume
774 972 982 1017 alienum
1009 971 1200 1035 ingenio
1230 989 1332 1019 suo.

142 1053 375 1103 Homines
407 1054 640 1114 capteivos
672 1064 1023 1114 conmercatur,
1048 1053 1084 1097 si
1112 1065 1257 1114 queat

144 1126 371 1186 Aliquem
407 1126 616 1171 invenire
635 1159 649 1181 ,
680 1142 820 1171 suum
855 1143 955 1186 quo
988 1136 1144 1171 mutet
1176 1127 1343 1173 filium.

73 1259 86 1266 '
146 1197 299 1265 Quod
326 1214 413 1261 ego
445 1197 643 1257 quidem
667 1198 805 1243 nimis
838 1215 984 1258 quam
1014 1200 1156 1261 cupio
1192 1212 1246 1247 ut
1278 1201 1414 1266 inpe-

400 1279 517 1313 tret:

147 1340 271 1385 Nam
299 1340 349 1385 ni
376 1340 511 1385 illum
532 1341 693 1401 recipit
706 1375 719 1397 ‚
742 1341 863 1386 nihil
881 1353 947 1387 est
965 1359 1065 1402 quo
1086 1360 1165 1389 me
1180 1345 1415 1406 recipiam.

147 1411 292 1457 Nulla
306 1411 569 1475 juventutis
590 1423 656 1457 est
674 1429 797 1473 spes:
816 1429 910 1458 sese
930 1429 1093 1459 omnes
1111 1429 1285 1460 amant.

150 1485 237 1530 Ille
264 1484 461 1530 demum
486 1484 690 1544 antiquis
709 1496 774 1530 est
796 1486 1062 1532 adulescens
1087 1488 1319 1533 moribus}

151 1557 283 1624 Quoi
313 1573 581 1616 numquam
608 1558 795 1603 voltum
826 1559 1124 1618 tranquillavi
1159 1560 1322 1623 gratiis.

151 1627 399 1690 Condigne
428 1639 494 1673 est
515 1640 645 1690 pater
676 1630 772 1693 ejus
798 1642 1004 1676 moratus
1034 1633 1260 1678 moribus.

148 1699 291 1745 Nunc
321 1699 380 1744 ad
405 1716 517 1745 eum
538 1718 740 1764 pergam.
777 1702 858 1747 sed
882 1704 1086 1764 aperitur
1115 1705 1318 1764 ostium,

152 1772 291 1819 Unde
322 1774 556 1820 saturitate
589 1792 722 1837 saepe
754 1793 841 1841 ego
871 1779 964 1824 exii
989 1779 1154 1826 ebrius.

500 1911 537 1957 S
589 1910 634 1981 Cp
668 1912 712 1959 E
755 1914 809 1959 Ν
843 1915 883 1959 Α
956 1916 1053 1961 11.
1099 1941 1102 1944 «

187 2057 452 2095 REGI&
492 2057 895 2096 LORARIUS,
933 2062 1372 2100 ERGASILUS.

629 2171 730 2204 HE
768 2174 799 2207 G
837 2174 856 2206 1
895 2175 943 2207 O.

35 2228 328 2355 {ADV
314 2322 471 2356 ORTE
493 2311 705 2356 animum
723 2312 778 2356 sis
795 2323 875 2358 tu:
901 2313 1007 2360 istos
1025 2316 1257 2383 capteivos
1273 2317 1416 2376 duos,

207 2396 279 2425 ere
311 2398 430 2442 quos
461 2383 555 2428 emi
585 2383 645 2428 de
674 2383 867 2444 praeda,
893 2385 953 2430 de
984 2378 1349 2456 QuaestoribUS,

154 2379 203 2427 H

156 2452 242 2500 His
273 2454 423 2504 indito
454 2469 634 2505 catenas
662 2458 950 2524 singularias;-
