1650 2826
247 214 364 275 2495
709 208 1192 290 CASINA·1.·
1248 192 1262 269 ζ
1439 216 1544 263 ms

658 329 1188 365 CHALINUS.“

266 401 380 448 Tibi
413 397 612 462 quidem
649 397 822 459 edepol
857 398 921 443 ita
954 398 1175 445 videtur:
1207 399 1422 447 stimulus
1454 415 1542 467 ego

518 487 648 518 nunc
673 487 779 516 sum
801 471 906 516 tibi.

265 548 338 594 Eo
364 535 470 592 dico
483 579 498 605 ,
519 545 767 592 corculum
790 543 1044 590 adsudassit
1055 544 1156 608 jam
1174 561 1234 592 ex
1249 557 1398 592 metu.

689 646 713 679 S
750 645 782 677 Τ
816 644 852 678 Α
885 645 917 678 Ι.
951 645 973 678 Ι
1007 648 1043 680 N
1082 647 1130 680 Ο.

1152 695 1157 701 ’
1215 718 1251 764 s
1301 699 1539 763 Mastigia!

576 783 1224 819 CLEOST·RATA.

266 857 391 903 Tace
407 888 421 914 ,
442 854 653 902 ChaIIne.
686 854 932 915 conprime
953 854 1110 899 istum.

662 948 693 980 o
732 948 763 980 L
800 948 833 980 Y
871 947 915 980 M
949 947 977 980 P
1013 948 1034 980 1
1071 948 1119 980 o.

735 1017 896 1061 Immo
920 1015 1103 1073 istunc,
1124 1016 1209 1076 qui
1238 1015 1402 1062 didicit
1419 1014 1540 1062 dare.

689 1109 712 1142 s
749 1109 779 1141 Τ
815 1108 849 1141 Α
886 1108 916 1140 1.
951 1109 971 1140 1
1006 1109 1039 1141 N
1081 1109 1128 1142 ο.

265 1176 471 1239 Appone
495 1175 574 1221 hic
600 1173 798 1220 sitellam
815 1207 829 1230 ,
858 1171 990 1218 sortis
1019 1172 1138 1219 cedo
1158 1171 1304 1218 mihi:
1327 1171 1543 1219 animum
1594 1164 1603 1174 ⁹

519 1249 770 1295 advortite.

267 1323 430 1386 Atque
455 1339 541 1386 ego
563 1322 723 1368 censui
748 1320 827 1366 abs
855 1330 904 1365 te
920 1334 1054 1382 posse
1075 1318 1170 1365 hoc
1186 1335 1266 1365 me
1284 1321 1514 1380 inpetrare
1528 1353 1541 1375 ‚

520 1413 642 1442 uxor
674 1412 780 1442 mea
798 1430 812 1452 ,
1558 1444 1565 1453 N

266 1472 428 1519 Casina
453 1481 509 1516 ut
532 1485 653 1516 uxor
670 1468 789 1515 mihi
810 1467 1020 1514 daretur:
1047 1476 1095 1513 et
1118 1481 1250 1512 nunc
1268 1466 1410 1512 etiam
1434 1481 1540 1512 cen-

519 1559 610 1588 seo.
1299 1598 1302 1600 v

590 1630 615 1661 c
651 1629 680 1661 L
717 1629 747 1661 E
785 1629 816 1662 o
853 1627 875 1662 s
913 1628 944 1660 Τ
979 1629 1013 1663 R
1047 1626 1083 1660 A
1119 1627 1151 1659 T
1186 1626 1237 1659 A.

266 1692 378 1738 Tibi
403 1690 590 1736 daretur
613 1688 727 1734 illa?
1181 1703 1183 1706 ·

689 1783 710 1815 s
749 1783 780 1815 T
816 1782 850 1815 A
884 1782 914 1815 L
951 1783 972 1815 1
1006 1783 1040 1815 N
1075 1782 1122 1815 o.

559 1851 680 1899 Mihi
710 1851 870 1922 enim?
899 1852 958 1896 ah
973 1885 986 1908 ‚
1006 1867 1107 1896 non
1129 1849 1180 1895 id
1204 1848 1537 1897 voluidicere:

268 1927 402 1973 Dum
434 1927 554 1972 mihi
584 1926 751 1983 volui,
787 1925 898 1970 huic
931 1924 1030 1970 dixi
1055 1943 1063 1969 :
1099 1934 1243 1984 atque
1273 1922 1391 1977 adeo
1422 1919 1539 1966 dum

413 2001 417 2004 ”
523 2000 643 2045 mihi
670 1998 812 2059 cupio
831 2033 844 2054 ,
877 2013 1126 2059 perperam

258 2073 555 2132 Jamdudum
570 2109 583 2132 ,
615 2074 770 2119 hercle
785 2107 798 2129 ,
825 2071 1024 2117 fabulor.

576 2167 602 2200 C
639 2166 668 2198 L
703 2165 732 2197 E
771 2165 802 2197 Ο
841 2164 861 2197 S
898 2165 929 2196 T
965 2164 998 2196 R
1034 2163 1068 2195 A
1104 2162 1135 2196 Τ
1170 2161 1218 2195 A·

649 2233 738 2279 Pol
757 2243 811 2278 tu
834 2233 1056 2293 quidem;
1082 2243 1226 2293 atque
1251 2230 1390 2275 etiam
1417 2226 1534 2273 facis.
1605 2269 1611 2282 ,

687 2326 709 2358 5
747 2326 777 2358 T
814 2326 847 2358 A
882 2328 910 2359 L
947 2328 967 2359 1
1003 2327 1036 2359 N
1073 2327 1118 2359 o.
1252 2322 1256 2324 ’

265 2393 421 2451 Huic,
444 2393 594 2440 immo
620 2396 774 2440 hercle
800 2396 932 2441 mihi.
962 2396 1078 2442 vah!
1108 2393 1300 2441 tandem
1316 2390 1434 2438 redii
1453 2394 1532 2440 vix

441 2517 443 2519 q
514 2482 672 2511 veram
702 2468 751 2511 in
781 2467 918 2513 viam.
