1650 2826
265 201 354 247 Qu
582 149 1217 232 AULULARIAE
1438 192 1543 238 we

261 297 432 360 Neque
459 296 579 358 quoi
610 313 695 361 ego
726 295 785 342 de
812 295 1040 343 industria
1062 297 1262 359 amplius
1289 299 1412 346 male
1431 301 1543 363 plus

513 369 681 416 lubens
705 368 864 414 faxim.

678 478 1123 514 CONGRIO.

262 559 350 606 Pol
381 558 464 604 etsi
499 568 646 604 taceas
668 591 685 615 ‚
711 559 867 620 palam
903 559 955 606 id
990 560 1189 622 quidem
1218 563 1272 609 ’st
1296 582 1306 609 ε
1340 579 1410 610 res
1442 564 1543 626 ipsa·
1586 548 1589 550 ἱ

509 633 634 677 testis
666 643 746 679 est.

260 713 332 759 Ita
349 711 550 758 fustibus
571 730 678 758 sum
697 713 886 759 mollior
902 715 1039 761 miser
1060 716 1227 780 magis,
1248 700 1394 778 qnam
1412 718 1536 762 uUus

509 783 743 831 cinaedus.

259 863 353 912 Sed
383 863 506 926 quid
536 864 623 909 tibi
651 880 766 920 Ποε,
796 863 1015 911 mendice
1041 866 1221 924 homo,
1249 867 1393 914 tactio
1428 878 1494 912 est
1511 867 1534 911 Ξ)

510 954 633 999 quae
660 954 728 982 res
743 938 764 981 Ρ

707 1045 1082 1079 EUCLIO.

255 1122 410 1168 Etiam
427 1122 624 1186 rogitas?
639 1138 697 1169 an
710 1124 822 1185 quia
835 1124 1010 1182 minus,
1027 1139 1174 1184 quam
1191 1138 1399 1183 aequom
1418 1133 1533 1181 erat,

458 1230 461 1232 -
507 1195 634 1242 feci?

650 1295 676 1327 c
713 1294 744 1327 o
780 1295 814 1327 N
857 1293 889 1327 G
927 1295 960 1328 R
1000 1295 1022 1328 1
1059 1294 1107 1327 o.

253 1373 375 1421 Sine.
419 1383 467 1420 at
501 1374 657 1419 hercle
692 1389 804 1419 cum
837 1376 963 1420 malo
997 1391 1172 1439 magno
1202 1358 1328 1434 tuo,
1363 1375 1399 1421 si
1430 1364 1532 1423 ⁴hoc

512 1457 655 1508 caput
686 1446 842 1493 sentit.

706 1547 1078 1581 EUCLI-o.

250 1624 338 1670 Pol
375 1638 463 1688 ego
500 1622 631 1669 haud
657 1612 750 1668 scio
787 1621 908 1683 quid
935 1631 1043 1683 post
1074 1620 1180 1672 fiat3
1218 1630 1362 1667 tuum
1396 1636 1533 1668 nunc
1594 1690 1597 1691 γ

506 1705 648 1755 caput
670 1694 823 1740 sentit.

252 1775 346 1822 Sed
368 1776 418 1820 in
446 1775 642 1821 aedibus
671 1775 792 1836 quid
819 1774 907 1820 tibi
935 1775 1047 1820 meis
1073 1784 1186 1821 nam
1215 1785 1310 1821 erat
1339 1776 1527 1840 negoti,

249 1855 331 1901 Me
353 1854 543 1900 absente
562 1889 576 1911 ‚
606 1854 695 1900 nisi
724 1871 812 1919 ego
838 1856 1063 1919 jusseram
1080 1854 1103 1899 Ρ
1137 1856 1249 1902 volo
1273 1855 1402 1901 scire.

673 1953 701 1986 C
737 1953 770 1986 O
805 1953 838 1986 N
875 1951 907 1985 G
941 1952 976 1986 R
1012 1953 1032 1984 Ι
1069 1953 1118 1986 Ο.
1448 1923 1450 1926 '

1184 2025 1186 2030 ’
1251 2022 1375 2077 Tace
1400 2035 1522 2084 erffl).

249 2103 377 2173 Quia
392 2103 611 2152 venimus
634 2113 829 2150 coctum
852 2101 914 2149 ad
934 2102 1138 2163 nuptias.

696 2208 729 2241 E
767 2207 802 2241 U
837 2209 864 2241 c
899 2208 930 2241 1.
965 2207 986 2240 1
1023 2207 1090 2240 o..
1359 2251 1362 2255 Δ

865 2286 1001 2358 Quid
1024 2297 1078 2332 tu
1095 2319 1109 2343 ,
1131 2285 1310 2330 malum
1325 2316 1338 2340 ,
1364 2298 1491 2330 curas
1505 2317 1527 2342 ‚⁴

255 2366 428 2415 Utrum
446 2368 668 2427 crudum,
684 2382 743 2417 an
763 2379 955 2416 coctum
981 2367 1132 2413 edim:
1151 2365 1238 2412 nisi
1260 2375 1316 2411 tu
1339 2365 1456 2412 mihi
1474 2382 1531 2412 es2

473 2442 476 2446 ’
499 2442 667 2488 tutor?

1632 2629 1642 2645 *a
1630 2452 1650 2612 .=¹'-‘.'=Yb‘.‘{-‚-g
1635 2411 1645 2427 ·.
1639 2375 1645 2394 -«,
1624 2191 1650 2346 ’“;Α,,,<’;Α.χ,
