1650 2826
243 199 338 245 410
586 181 1203 230 CAPTEIVEI.
1397 187 1530 243 ωε

242 290 349 337 Scio
383 306 494 355 ego-3
525 292 703 337 multos
735 293 827 354 jam
852 293 1043 337 lucrum
1074 292 1343 337 luculentos
1371 292 1527 339 homi-¹

501 379 582 408 nes
610 363 832 408 reddidit.

240 443 323 490 Est
356 444 499 490 etiam
517 480 530 501 ‚
560 445 648 490 ubi·
671 444 887 506 profecto
922 443 1155 489 damnum
1183 452 1385 505 praestet
1407 442 1526 490 face-

496 535 575 574 re,
611 535 756 578 quam
788 507 990 563 lucrum.

244 594 344 639 Odi
367 612 455 659 ego
482 613 681 642 aurum:
712 598 864 643 multa
892 596 1054 643 multis
1085 612 1220 658 saepe
1249 597 1388 643 suasit
1417 612 1526 658 per-

499 686 676 730 peram.

245 739 388 786 Nunc
413 741 505 786 hoc
529 742 746 787 animum
770 741 1007 788 advortito
1021 776 1035 798 ‚
1054 751 1110 788 ut
1129 757 1186 787 ea*
1205 757 1335 802 quae·
1346 743 1526 800 sentio,

498 816 670 876 pariter
704 816 825 861 scias.
1127 808 1131 809 ⁷

247 895 391 943 Filius
415 914 550 943 meus
578 898 672 943 illic
704 897 838 959 apud
864 914 948 943 vos
976 897 1115 945 servit
1141 910 1304 961 captus
1330 897 1500 945 Alide:-

245 967 373 1013 Eum
401 970 437 1013 si
469 970 625 1015 reddis
648 970 798 1026 mihi,
823 982 1060 1030 praeterea
1086 987 1244 1016 unum
1266 986 1529 1016 nummum

497 1056 559 1085 ne
589 1040 723 1086 duis:

243 1111 307 1158 Et
338 1122 386 1158 te
427 1123 475 1163 et
506 1113 637 1159 hunc
672 1115 888 1160 amittam
922 1115 1047 1161 hinc.
1094 1115 1187 1161 alio
1221 1125 1363 1177 pacto
1400 1115 1527 1162 abire

505 1202 610 1231 non
633 1197 782 1247 potes.
1067 1199 1069 1201 ’

631 1287 1161 1324 TYNDARUS.

248 1367 529 1430 Optumum
563 1379 710 1429 atque
737 1369 1094 1429 aequissumum
1128 1383 1251 1423 oraS,
1277 1377 1530 1428 optumus«

502 1458 607 1501 que·
632 1440 890 1486 hominum
922 1441 1070 1485 homo
1099 1455 1158 1484 es.

252 1511 347 1559 Sed
374 1513 409 1559 is
435 1514 668 1575 privatam
695 1514 973 1559 servitutem
1002 1511 1142 1558 servit
1162 1510 1231 1556 illi
1249 1544 1267 1567 ,
1287 1525 1348 1556 an
1369 1507 1531 1573 publi-

509 1602 612 1632 cam
630 1585 652 1630 ?

745 1682 780 1715 H
814 1682 843 1714 Ε
882 1682 914 1715 G
949 1681 972 1714 Ι-Ἰ
1006 1681 1054 1715 o.

250 1756 484 1806 Privatam
515 1758 691 1804 medici
727 1757 985 1803 Menarchi.

535 1865 1244 1911 PHILocRAJE‘s.

654 1947 743 1995 Pol
771 1945 848 1990 hic
875 1943 1075 2005 quidem
1109 1944 1250 2007 hujus
1282 1953 1349 1989 est
1376 1942 1529 1989 cliens.

256 2019 379 2067 Tam
405 2021 500 2066 hoc
530 2019 730 2081 quidem
755 2017 844 2064 tibi
871 2017 920 2062 in
946 2016 1178 2078 proclivi,
1208 2032 1355 2078 quam
1381 2014 1532 2060 imber

507 2103 574 2139 est
593 2129 606 2151 ‚
633 2092 830 2154 quando
856 2091 995 2152 pluit.

738 2195 771 2227 H
808 2195 837 2227 Ε
876 2194 908 2226 G
943 2194 963 2229 1
1002 2193 1048 2225 ο.

255 2255 345 2304 Fac
367 2258 404 2304 is
433 2261 582 2308 homo
614 2273 671 2308 ut
695 2261 967 2307 redimatur.

649 2363 680 2399 T
716 2363 750 2395 Y
786 2363 821 2395 N
858 2362 892 2394 D
929 2361 963 2395 A
998 2361 1031 2393 R
1067 2359 1103 2391 U
1139 2357 1176 2391 s.

744 2438 941 2485 Faciam.
972 2436 1053 2481 sed
1079 2446 1136 2480 te·
1153 2433 1201 2479 id
1232 2450 1341 2492 oro,
1363 2434 1540 2498 Hegio..
