1650 2826
237 197 388 248 30*
534 177 1195 227 AMPHITRUO.
1324 176 1583 250 V·235,‘

231 320 238 324 ί
729 300 1022 336 soslA.

238 368 402 442 Quid,
424 371 460 416 si
478 367 638 418 falles?

589 478 1175 515 MERCURIUS.
1237 468 1243 473 “

631 569 763 616 Tum
787 569 1048 615 Mercurius
1073 568 1227 616 Sosiae
1253 571 1394 616 iratus
1420 570 1518 618 siet.

732 669 754 702 S
791 670 823 703 O
865 670 887 703 S
924 671 944 702 Ι
981 672 1028 704 A.

177 807 183 811 ,
231 749 465 797 Animum
484 745 679 793 advorte
697 766 706 792 ε
730 763 862 793 nunc
885 747 996 793 licet
1017 749 1136 795 mihi
1156 750 1303 796 libere
1325 746 1513 810 quidvis

491 819 644 880 loqui.

230 891 591 955 Amphitruonis
614 905 702 954 ego
725 905 831 935 sum
853 905 1005 935 servos
1029 888 1169 937 Sosia.

586 999 629 1032 M
663 999 694 1032 E
731 998 764 1031 R
800 998 827 1030 c
864 998 897 1030 U
934 998 967 1030 R
1003 998 1023 1030 1
1060 998 1094 1030 U
1132 997 1171 1031 s.

1123 1070 1513 1120 Etiamdenuo?

730 1174 751 1207 s
790 1175 821 1207 o
860 1174 881 1206 s
919 1174 939 1206 1
977 1173 1025 1205 A.

225 1251 394 1299 Pacem
415 1248 527 1306 feci,
549 1247 716 1295 foedus
739 1247 828 1294 feci
844 1283 858 1305 ,
882 1264 990 1294 vera
1015 1246 1135 1292 dico.

583 1358 1167 1394 MERCURIUS.

1142 1431 1145 1435 ”
1178 1438 1375 1502 Vapula.

729 1523 752 1557 S
788 1525 821 1557 Ο
858 1524 881 1558 S
917 1523 938 1558 I
973 1524 1021 1557 A.

222 1598 286 1646 Ut
306 1598 442 1645 lubet
458 1632 471 1656 ,
497 1597 634 1660 quod
655 1598 744 1644 tibi
765 1599 903 1645 lubet
921 1633 934 1656 ,
954 1598 1049 1645 fac:
1079 1599 1310 1660 quoniam
1331 1598 1503 1662 pugnis

478 1675 586 1735 plus
611 1675 747 1719 vales.

220 1743 402 1791 Verum
418 1778 432 1802 ,
464 1757 520 1790 ut
552 1757 606 1790 ut
644 1762 688 1791 es
725 1745 928 1791 facturus
944 1781 958 1802 ‚
988 1747 1081 1793 hoc
1114 1746 1314 1807 quidem
1346 1747 1500 1793 hercle

475 1817 607 1862 haud
634 1818 843 1863 reticebo
870 1830 1045 1866 tamen.

574 1932 1156 1969 MERCURIUS.

218 2015 299 2061 Tu
324 2031 405 2061 me
436 2016 568 2061 vivos
603 2016 749 2062 hodie
781 2034 1051 2082 numquam
1080 2020 1241 2079 facies,
1264 2020 1384 2082 quin
1409 2020 1497 2066 sim

477 2087 617 2136 Sosia.
1265 2115 1269 2117 >

713 2187 1004 2222 SOSIA.

218 2267 355 2314 Certe
391 2266 563 2328 edepol
596 2279 652 2314 tu
685 2285 765 2315 me
793 2268 1011 2315 alienabis
1044 2281 1341 2327 numquam,
1371 2263 1490 2323 quin

505 2351 660 2386 noster
691 2342 819 2388 siem.

216 2409 316 2458 Nec
342 2411 479 2459 nobis
500 2426 681 2472 praeter
709 2415 824 2461 med
844 2413 960 2460 alius
981 2412 1233 2475 quisquam
1254 2411 1309 2456 ’st
1335 2425 1487 2457 servos

470 2483 594 2531 Sosia
609 2517 624 2542 ,
