1650 2826
166 191 331 240 -592
500 169 1250 221 CI'STELLARIA.
1353 169 1518 222 «κίοι

244 283 338 332 Sed
367 283 511 329 istanc
540 283 763 328 cistellam
794 292 842 327 te
869 281 1062 327 obsecro
1090 292 1145 326 ut
1170 280 1333 327 reddas
1357 282 1488 329 mihi.

529 385 558 421 P>
595 385 628 416 H
667 383 700 416 A
736 385 767 417 N
807 385 838 418 Ο
878 385 899 418 S
939 385 969 416 T
1005 385 1040 417 R
1074 383 1110 416 A
1142 384 1173 416 T
1209 385 1258 416 A.

246 455 381 527 Quid
409 454 462 500 fit
475 488 489 512 ‚
510 449 808 515 Lampadio?

527 550 560 583 L
596 550 631 583 A
666 549 709 582 M
746 549 774 582 P
811 547 846 581 A
882 549 916 581 D
952 549 973 581 I
1009 548 1031 581 S
1068 549 1095 581 C
1133 546 1169 581 U
1205 546 1243 582 S.

746 617 897 687 Quod
926 629 1067 665 tuum
1086 619 1166 675 ’st‚
1190 629 1345 664 teneas
1366 627 1520 664 tuum.

521 712 552 745 P
587 711 621 743 H
657 711 691 743 A
727 711 760 743 N
799 711 830 743 Ο
871 711 892 745 S
931 711 961 743 T
996 711 1032 745 R
1067 710 1101 743 A
1139 710 1170 742 T
1207 708 1255 742 A.

244 785 308 831 At
343 798 421 830 me
451 778 592 846 hujus
621 780 819 825 miseret.

532 877 564 909 L
600 876 635 908 A
671 874 712 907 M
748 875 774 907 P
813 874 848 907 A
885 875 920 907 D
956 874 977 906 Ῑ
1016 873 1038 907 S
1075 875 1101 907 C
1138 875 1174 908 U
1210 872 1247 908 S-

854 942 928 989 Sic
954 941 1232 989 faciundum
1263 957 1443 987 censeo.

210 1060 214 1070 .
247 1023 321 1069 Da
353 1021 427 1066 isti
456 1017 679 1065 cistellam
698 1051 711 1074 ,
743 1028 790 1061 et
821 1015 946 1061 intro
979 1016 1055 1060 abi
1085 1033 1198 1062 cum
1227 1015 1339 1061 istac
1369 1014 1520 1060 simul.

526 1108 1254 1144 PHANOSTRATA.

245 1179 359 1225 Tibi
381 1177 669 1224 auscultabo.
705 1186 815 1221 tene
845 1184 899 1220 tu
929 1173 1155 1220 cistellam
1180 1174 1282 1220 tibi.

245 1252 481 1297 Abeamus
506 1250 647 1296 intro.
678 1248 760 1294 sed
793 1247 929 1309 quod
955 1263 1137 1293 nomen
1166 1257 1233 1293 est
1263 1257 1377 1293 tuae

244 1332 520 1380 Dominae?

671 1420 707 1455 H
743 1421 779 1454 A
812 1421 843 1454 L
878 1421 900 1453 I
937 1418 959 1455 S
993 1420 1019 1453 C
1055 1420 1106 1454 A.

510 1493 748 1541 Melaenis.

518 1579 1252 1625 RH'ANosTRATA.

585 1657 606 1676 ⁶
799 1657 846 1714 Ι,
868 1657 1024 1717 iprae.
1041 1656 1143 1720 jam
1167 1671 1254 1719 ego
1278 1664 1326 1700 te
1343 1667 1519 1715 sequar.

572 1795 1196 1856 ACTUSV.

330 1933 755 1970 DEMIPHO,
808 1930 1442 1966 LAMPADISCUS-

658 2045 1115 2078 DEMIPHO.

252 2122 466 2286 QUID
506 2187 599 2232 hoc
629 2185 791 2249 negoti
821 2185 875 2230 ’st
896 2218 910 2242 ‚
944 2183 1080 2245 quod
1112 2198 1275 2229 omnes
1306 2181 1521 2229 homines

503 2258 772 2304 fabulantur
799 2273 884 2318 per
907 2257 1001 2302 vias
1017 2292 1030 2314 ,

251 2330 371 2376 Mihi
395 2346 486 2376 esse
514 2330 657 2374 filiam
683 2328 958 2376 inventam?
984 2340 1031 2375 et
1052 2327 1424 2390 Lampadionem
1442 2340 1521 2370 me

506 2402 556 2446 in
583 2401 687 2446 foro
