1650 2826
124 211 256 243 v.12
418 187 703 239 ACTUS
753 187 855 236 IV.
906 187 1008 236 SC.
1062 190 1164 237 IV.
1313 207 1401 252 337

122 301 431 363 versipellem
444 299 568 363 fingi
585 296 810 344 'convenit
826 313 920 342 esse
942 298 1190 343 hominem
1204 331 1218 355 ,
1235 309 1403 359 pectus

379 373 500 434 quoi
521 365 653 433 sapit.

126 449 287 494 Bonus
314 447 373 494 sit
403 445 574 502 bonis»,
599 445 749 491 malus
775 444 832 491 sit
859 444 1005 492 malis.
1043 455 1312 507 utcumque
1337 463 1408 493 res

384 520 442 566 sit
458 555 472 577 ‚
502 519 566 565 ita
592 518 807 565 animum
835 518 1017 564 habeat.

130 593 223 640 Sed
243 593 380 640 lubet
397 592 509 639 scire
522 627 536 649 ,
556 603 795 653 quantum
815 609 987 638 aurum
1008 593 1146 637 herus
1163 591 1251 637 sibi
1273 591 1407 637 dem-

378 665 462 711 sit:
485 676 545 711 et
575 664 696 725 quid
727 681 813 710 suo
844 663 1053 710 reddidit
1079 665 1213 724 patri.

130 736 179 783 Si
196 735 317 802 fingi
338 748 434 792 est,
461 736 720 782 Herculem
746 734 858 780 fecit
883 751 943 780 ex
963 748 1120 798 patre:
1154 718 1408 782 decumam

378 820 561 870 partem
595 809 639 854 ei

131 879 279 927 Dedit
294 915 308 938 ,
331 881 419 926 sibi
446 897 622 927 novem
650 877 855 942 abstulit.
885 877 966 924 sed
984 912 998 935 ‚
1022 895 1171 938 quem
1199 897 1375 941 quaero
1392 919 1408 941 ,

383 967 584 1015 optume
616 968 723 999 ecce
758 950 951 997 obviam

130 1027 252 1074 Mihi
269 1040 350 1074 est.
369 1045 488 1074 num
506 1029 592 1089 qui
608 1026 797 1072 nummi
816 1025 1095 1072 exciderunt
1107 1062 1121 1085 ,
1139 1028 1250 1075 here
1262 1063 1277 1088 ,
1291 1030 1409 1088 tibi,

351 1101 523 1160 quod
554 1100 615 1145 sic
645 1109 815 1144 terram
844 1104 847 1105 ⁷

136 1174 382 1220 Obtuere.
371 1175 393 1207 ⁹
425 1174 547 1234 quid
574 1191 659 1219 vos
687 1183 884 1218 maestos
916 1183 1015 1219 tam
1043 1173 1288 1236 tristesque
1318 1192 1411 1245 esse
1437 1170 1440 1173 ⁴

390 1245 658 1305 conspicor
646 1244 668 1276 ἶ)

135 1318 248 1364 Non
281 1318 462 1378 placet,
497 1332 584 1361 nec
626 1327 692 1360 est
730 1327 907 1363 temere
942 1318 1098 1364 etiam.
1143 1317 1263 1377 quin
1290 1314 1410 1363 mihi

391 1386 716 1449 respondetis?

431 1489 1134 1523 MNESILOCHUS.

140 1544 361 1622 Chrysale
380 1594 393 1616 ‚
431 1559 595 1607 occidi.

488 1651 515 1682 c
550 1650 583 1682 H
619 1650 652 1682 R
686 1650 721 1682 Y
754 1650 776 1683 s
814 1650 848 1682 A
882 1651 912 1684 L
947 1650 983 1684 U
1019 1651 1057 1684 s.

572 1717 785 1763 Fortassis
803 1729 859 1763 tu
881 1712 979 1764 auri
1004 1718 1209 1766 demsisti
1229 1735 1411 1781 parum.

417 1821 1123 1856 MNESILOCHUS

144 1889 245 1959 Qui
260 1923 274 1946 ‚
301 1890 511 1945 malum,
535 1890 739 1950 pamm?
770 1890 920 1935 immo
942 1905 1055 1936 vero
1080 1892 1232 1938 nimio
1256 1894 1416 1941 minus

398 1963 554 2006 multo
581 1977 763 2021 parum.

500 2062 525 2094 c
561 2061 594 2092 H
629 2061 662 2093 R
699 2061 732 2092 Y
769 2060 790 2092 s
829 2059 863 2092 A
897 2060 927 2092 1.
963 2060 999 2092 U
1035 2060 1072 2092 s.

147 2131 283 2201 Quid
299 2130 438 2194 igitur
451 2164 464 2186 ,
484 2130 657 2174 stulte?
679 2129 908 2189 quoniam
926 2129 1103 2175 occasio
1119 2130 1180 2176 ad
1194 2147 1298 2178 eam
1313 2149 1415 2180 rem

258 2261 271 2272 ·
398 2203 488 2249 fuit

150 2279 257 2325 Mea
284 2280 459 2325 virtute
486 2289 616 2339 parta
631 2311 645 2334 ,
664 2288 745 2334 ut,
766 2288 1004 2338 quantum
1027 2279 1166 2324 velles
1181 2314 1196 2337 ,
1224 2291 1415 2329 tantum

399 2370 601 2398 sumeres
617 2387 630 2409 ‚
1087 2395 1090 2400 .

151 2425 223 2471 Sic
245 2427 336 2472 hoc
363 2426 567 2491 djgitulis
601 2424 789 2471 duobus
815 2425 1029 2475 sumebas
1054 2428 1374 2490 primoribus?

222 2505 307 2550 Vol.
339 2508 376 2552 I.
1145 2507 1187 2553 Y

0 1543 23 1576 *e
