1650 2826
191 369 310 415 1503

477 184 546 234 ,M-
612 184 653 231 A
678 182 813 231 CCI
869 184 1022 231 PLA
1045 183 1192 231 UTI

379 298 429 338 n.
451 291 653 350 CCVII,
679 310 727 355 p.
754 302 824 347 72.
844 303 891 339 et
917 292 977 338 de
999 292 1124 339 Bure
1141 294 1169 338 Ι.
1191 307 1296 339 c.·n.
1322 293 1463 353 2568.

379 357 689 406 Bononiensis
707 357 789 403 fol.
807 358 993 403 Plautus
1011 359 1239 419 diligenter
1267 361 1465 421 recogni'

384 434 454 467 tus
467 439 547 485 per
559 422 836 484 Philippum
849 422 1136 468 Beroaldum
1153 422 1302 469 folior.
1320 439 1343 470 Q
1351 441 1375 481 5
1384 441 1425 482 5
1440 449 1465 457 -
1551 439 1555 441 ·

381 487 440 532 In
458 487 571 532 fine:
590 489 848 551 Impressum
864 488 1084 534 Bononiae
1092 505 1173 553 per
1182 488 1466 534 Benedictum

379 551 582 597 Hectoris
601 553 886 616 bibliopolam,
905 555 1268 617 impressoremque
1282 553 1467 614 diligen-

383 619 605 662 tissimum.
619 618 900 678 Recognitum
913 619 1303 682 repastinatumque
1321 618 1466 663 aPlzi-

383 682 493 746 lippo
510 682 721 727 Beroaldo
740 685 902 728 curiose
920 698 971 727 ac
985 683 1232 744 vigilanter.
1244 683 1366 727 Anno
1380 683 1467 727 Sa-

383 747 488 791 lutis
507 746 604 791 MD
632 749 756 792 tertio
789 747 883 792 Cal.
908 747 1106 793 Decemb.
1135 774 1203 781 --
1229 746 1348 793 Rara
1379 747 1466 792 ad-

384 810 592 856 modum
621 822 688 858 est
706 811 864 858 editio.
889 812 1128 857 Praemisit
1146 811 1262 857 Phil.
1282 811 1468 857 Beroal-

385 875 475 921 dus
508 876 692 922 Bonon.
725 876 784 922 ad
815 877 992 922 Clariss.
1020 877 1272 941 discipulum
1305 876 1445 921 Ladis
1447 901 1471 910 -

386 941 518 986 laum
547 941 1008 1006 Vartimbergensem
1047 942 1297 1014 epistolamj
1336 941 1470 1004 cujus

384 1016 571 1064 partem
606 1006 801 1052 exhibet
829 1006 970 1053 Mich.
997 1006 1227 1052 Maittaire
1262 1022 1312 1051 m
1342 1007 1470 1052 Ann.

383 1070 595 1134 Typogr.
621 1071 762 1117 Tom.
790 1072 862 1128 ΙΙ,
892 1089 994 1136 pag.
1030 1071 1119 1130 164
1148 1081 1250 1116 not.
1285 1087 1322 1116 c.
1345 1070 1471 1116 inte-

384 1150 513 1198 gram
541 1152 653 1182 vero
681 1137 803 1199 legas
825 1136 955 1198 apud
974 1135 1309 1200 Freytagium
1299 1152 1349 1181 m
1368 1136 1469 1181 Ad-

381 1216 476 1261 par
499 1201 618 1246 liter.
632 1201 687 1246 T.
703 1194 766 1258 ΙΙ,
785 1218 831 1262 p.
851 1216 969 1262 1332
988 1217 1055 1261 sq.
1075 1201 1469 1246 adn.CXXC111

190 1281 222 1312 s.
243 1265 271 1310 1.
297 1275 400 1311 eta.
427 1264 506 1311 fol.
541 1265 729 1312 Plautus
755 1283 850 1311 cum
891 1268 1146 1312 correctione
1182 1278 1224 1311 et
1262 1268 1471 1330 interpre-

197 2368 317 2427 1506

388 1333 547 1376 tatione
584 1331 859 1388 Hermolai,
894 1331 1129 1388 Merulae,
1168 1330 1388 1376 Politiani
1429 1344 1470 1376 et
1513 1385 1517 1388 .

384 1394 624 1446 Beroaldi;
662 1408 705 1442 et
739 1413 834 1441 cum
871 1397 1018 1442 multis
1054 1396 1364 1441 Additionibus.
1402 1421 1472 1430 ---

388 1459 465 1506 Sic
489 1472 555 1506 est
576 1461 627 1506 in
653 1461 796 1507 Catal.
817 1460 937 1506 Bibl.
961 1459 1244 1507 Hemmonis
1271 1460 1472 1506 Arnoldi

387 1525 667 1572 Werumaei
706 1526 825 1587 1783
870 1525 1138 1588 Groningae
1174 1525 1366 1587 publice
1400 1525 1472 1571 di-

385 1591 608 1637 venditae
637 1608 741 1655 pag.
773 1607 827 1651 31
857 1607 906 1637 n.
927 1592 1035 1649 448.
1055 1590 1166 1635 Fuit
1196 1606 1394 1651 quoque
1421 1590 1473 1636 in

389 1655 510 1703 Bibl.
527 1657 773 1706 Hulsiana;
794 1657 926 1702 unde
945 1657 1004 1701 cl.
1019 1654 1292 1718 Lengnich
1282 1671 1331 1700 ιη
1350 1655 1472 1718 Bey-

388 1733 582 1782 traegen
604 1736 683 1766 zur
701 1721 946 1766 Kenntniss
963 1731 1049 1765 etc.
1069 1722 1141 1776 ΙΙ,
1161 1736 1208 1780 p.
1226 1734 1254 1778 9
1260 1736 1327 1777 5
1347 1735 1406 1780 99
1427 1730 1475 1766 et

389 1801 449 1831 ex
479 1785 600 1830 Bibl.
626 1784 969 1831 Hohendorf.
957 1801 1009 1830 m
1045 1784 1361 1829 Nachrichten
1392 1801 1475 1830 zur

385 1849 569 1896 Biicher
597 1850 699 1896 und
718 1849 1023 1895 Miinzkunde
1052 1866 1100 1911 p.
1127 1850 1213 1909 189
1244 1849 1473 1907 ostendit,

385 1915 726 1961 adnotamenta
757 1915 951 1960 Merulae
987 1924 1035 1960 et
1067 1915 1301 1961 Plautinas
1328 1931 1473 1975 quae-

386 1980 576 2036 stiones,
593 1996 716 2041 quae
735 1995 793 2025 an
807 1981 964 2026 lucem
981 1979 1205 2037 viderint,
1222 1978 1473 2025 dubitabat

384 2043 651 2102 Fabricius,
677 2045 875 2091 omnino
900 2044 1024 2090 edita
1045 2043 1195 2091 fuisse.
1212 2043 1474 2090 Hermolaus

385 2109 638 2159 Barbarus
674 2110 841 2172 hospes
869 2110 1077 2167 Romae,
1106 2110 1286 2156 obierat
1321 2124 1472 2169 149,3

384 2173 557 2220 Merula
587 2192 696 2222 vero
721 2187 768 2221 et
787 2176 1031 2221 Politianus
1060 2191 1186 2221 anno
1212 2184 1318 2235 post
1341 2174 1473 2219 vive-

384 2255 434 2284 re
467 2239 731 2297 desierunt,
763 2257 973 2301 quorum
1006 2241 1125 2286 curis
1153 2256 1251 2285 suas
1284 2237 1471 2284 addidit

384 2304 468 2349 Ph.
497 2305 735 2351 Beroaldus
760 2321 833 2351 an.
864 2321 981 2364 1505
1009 2315 1240 2350 mortuus.

383 2369 594 2419 Brixiae,
613 2370 691 2416 fol.
710 2371 862 2416 Plauti
882 2369 1145 2416 Comoediae.
1175 2369 1231 2413 In
1254 2368 1367 2412 fine:
1389 2366 1473 2411 Le-

385 2446 476 2480 ctor
493 2437 646 2498 optime
658 2437 786 2486 scito,
806 2435 883 2483 has
899 2433 1148 2483 Comoedias
1163 2434 1321 2495 viginti
1335 2431 1473 2478 Plau-
