1650 2826
196 222 223 269 8
520 219 1087 269 PROLOGUS
1320 226 1451 273 er

196 329 310 377 Hoc
335 344 535 391 quoque
559 330 701 375 etiam
723 330 843 375 mihi
866 330 916 375 in
939 330 1169 377 mandatis
1193 328 1354 390 dedit,

197 402 265 450 Ut
286 402 626 464 conquisitores
649 403 814 449 fierent
837 403 1164 461 histrionibus,

196 477 303 547 Qui
326 476 412 523 sibi
435 475 754 533 mandassent,
780 475 980 541 delegati
1002 488 1058 522 ut
1079 476 1383 539 plauderent:

198 551 362 620 Quive
376 585 390 608 ,
411 567 511 612 quo
534 552 739 612 placeret
758 551 872 596 alter
885 586 898 608 ‚
918 550 1131 597 fecissent
1144 586 1158 608 ‚
1177 551 1359 609 minus,

199 625 277 672 Eis
300 637 579 671 ornamenta
601 636 649 671 et
671 625 856 672 corium
878 626 951 671 uti
974 625 1291 672 conciderent.

200 698 361 745 Mirari
381 699 535 744 nolim
556 715 640 744 vos
653 733 667 756 ,
692 710 983 759 quapropter
999 699 1222 760 Juppiter

202 772 349 818 Nunc
372 771 617 817 histriones
638 781 783 817 curet.
819 786 882 816 ne
904 771 1168 817 miremini:

201 846 310 908 Ipse
334 846 456 890 hanc
478 845 700 890 acturu'st
715 844 938 906 Juppiter
961 845 1284 893 Comoediam.

207 917 350 987 Quid
371 917 587 962 admirati
607 917 709 963 estis
727 917 749 961 Ρ
775 918 906 978 quasi
928 935 1040 965 vero
1063 935 1247 966 novom

205 989 352 1036 Nunc
372 989 638 1051 proferatur
657 1022 671 1045 ,
688 988 863 1046 Jovem
886 989 1035 1036 facere
1057 992 1362 1038 histrioniam.

205 1062 363 1109 Etiam
385 1061 630 1108 histriones
652 1077 778 1107 anno
801 1078 954 1122 quom
975 1063 1025 1108 in
1048 1067 1294 1125 proscenio
1317 1068 1396 1114 hic

201 1134 378 1193 jovem
401 1135 708 1192 invocarunt,
732 1136 889 1181 venit:
915 1138 1092 1184 auxilio
1116 1140 1177 1185 eis
1200 1139 1316 1186 fuit:

206 1206 449 1252 Praeterea
471 1218 598 1252 certo
620 1206 782 1267 prodit
803 1207 853 1252 in
875 1208 1149 1273 Tragoedia.

209 1279 349 1326 Hanc
372 1278 583 1326 fabulam
599 1314 613 1336 ‚
635 1279 837 1341 inquam
851 1314 866 1339 ,
889 1281 966 1327 hic
981 1282 1205 1344 Juppiter
1231 1285 1377 1332 hodie
1398 1287 1496 1347 ipse

468 1365 601 1419 aget,

208 1428 274 1475 Et
297 1444 384 1492 ego
413 1444 511 1474 una
534 1445 647 1475 cum
669 1429 765 1476 illo.
799 1429 942 1476 Nunc
965 1431 1181 1476 animum
1202 1430 1458 1488 advortite,

210 1500 349 1548 Dum
367 1501 563 1564 hujusce
581 1514 917 1566 argumentum
935 1505 1132 1565 eloquar
1150 1505 1452 1560 Comoediae.

211 1575 345 1622 Haec
368 1575 480 1622 urbs
504 1586 571 1621 est
594 1576 791 1622 Thebae
810 1596 819 1622 :
851 1577 901 1622 in
934 1578 1075 1624 illisce
1102 1579 1284 1625 habitat
1305 1578 1500 1625 aedibus

213 1648 506 1710 Amphitruo
524 1685 538 1707 ,
562 1661 699 1696 natus
722 1650 852 1715 Argis
877 1668 937 1697 ex
956 1651 1082 1717 Argo
1102 1664 1257 1714 patre,

214 1722 434 1791 Quicum
458 1722 725 1769 Alcumena
747 1725 799 1769 'st
822 1735 1000 1785 nupta,
1023 1725 1195 1770 Electri
1217 1725 1323 1770 filia.

213 1793 259 1839 Is
277 1809 408 1838 nunc
421 1793 713 1854 Amphitruo
730 1794 1027 1854 praefectu'st
1044 1795 1324 1858 legionibus.

212 1865 340 1925 Nam
363 1883 475 1912 curn
497 1867 718 1912 Telebois
741 1868 925 1914 bellum
942 1869 996 1912 ’st
1015 1867 1250 1914 Thebano
1269 1870 1435 1930 poplo.

215 1940 261 1985 Is
282 1940 562 2000 priusquam
592 1940 704 1986 hinc
734 1940 849 1986 abiit
880 1940 1079 2000 ipsemet
1108 1939 1159 1984 in
1183 1940 1470 1999 exercitum,

216 2011 475 2058 Gravidam
497 2011 814 2058 Alcumenam
837 2011 948 2057 fecit
970 2027 1171 2057 uxorem
1193 2029 1338 2058 suam.

210 2086 320 2144 Jam
345 2103 432 2150 ego
454 2076 538 2133 vos
560 2086 743 2132 novisse
767 2084 908 2131 credo
924 2119 939 2142 ‚
963 2096 1019 2130 ut
1040 2085 1096 2130 sit
1117 2095 1249 2147 pater
1270 2101 1404 2131 meus
1423 2104 1433 2129 2

216 2160 383 2229 Quam
405 2160 524 2206 liber
546 2161 714 2206 harum
734 2175 894 2205 rerum
914 2159 1176 2204 multarum
1197 2159 1282 2205 siet
1297 2178 1314 2203 :-

217 2233 543 2302 Quantusque
579 2244 759 2281 amator
797 2232 881 2290 sit,
914 2232 1052 2293 quod
1094 2232 1418 2293 conplacitum
1451 2231 1508 2277 ’st

477 2308 635 2352 semel.

218 2380 263 2425 Is
283 2396 436 2426 amare
460 2381 645 2442 occepit
667 2380 983 2428 Alcumenam
1005 2380 1127 2425 clam
1147 2379 1305 2425 virum
1321 2410 1338 2436 ‚

219 2453 517 2516 Usuramque
542 2455 640 2518 ejus
663 2455 867 2516 corporis
891 2453 1016 2514 cepit
1037 2452 1147 2509 sibi,

220 2526 283 2572 Et
306 2528 542 2591 gravidam
566 2527 676 2573 fecit
698 2529 733 2572 is
757 2544 860 2575 eam
884 2542 1135 2587 conpressu
1157 2541 1257 2571 suo.
