1650 2826
285 165 376 224 ηε
649 154 1187 207 »ΑΞΙΝΑΒΙΑ
1303 129 1307 132 ’
1403 170 1560 213 ωση

709 282 742 315 L
777 277 808 313 E
846 280 878 314 Ο
913 278 946 312 N
981 278 1001 311 I
1038 279 1073 311 D
1110 275 1158 310 A.

706 356 969 403 Fortunam
982 389 995 412 ,
1014 366 1161 416 atque
1183 351 1564 415 Obsequentem.

601 461 637 494 A
673 461 707 494 Β
746 459 779 492 G
817 459 852 491 Y
887 459 921 493 Β
955 458 976 490 1
1012 458 1039 491 P
1075 458 1103 490 P
1141 457 1177 490 U
1215 456 1253 490 s.

278 539 386 602 Jam
402 541 519 588 is'toc
542 556 587 586 es
609 538 791 585 melior.

705 639 736 672 L
773 639 794 671 1
831 610 858 669 Β
895 637 930 670 A
965 637 998 669 Ν
1036 634 1072 667 U
1108 634 1147 668 s.

523 714 599 761 An
620 711 740 775 quid
760 722 826 756 est
846 710 964 755 olim
980 708 1168 754 homini
1187 705 1346 754 Salute
1365 706 1566 754 melius?

609 812 644 847 A
679 814 714 847 Β
750 810 782 844 G
818 810 853 843 Y
889 810 923 843 Β
957 810 978 842 1
1015 809 1042 841 P
1078 809 1106 842 P
1143 809 1177 842 U
1215 809 1252 842 s.

283 895 420 943 Licet
448 892 643 941 laudem
668 890 932 935 Fortunam
950 920 963 944 ,
984 896 1146 931 tamen
1163 919 1177 942 ,
1201 895 1257 930 ut
1275 901 1336 931 ne
1356 883 1569 932 Salutem

545 966 751 1026 culpem.

660 1065 689 1098 P
726 1063 760 1097 H
795 1063 815 1095 1
851 1062 882 1095 L
917 1061 947 1094 E
983 1061 1016 1094 N
1052 1061 1073 1093 1
1107 1060 1143 1094 U
1179 1059 1236 1094 M.

289 1139 478 1186 Ecastor
506 1135 672 1182 ambae
697 1144 809 1179 sunt
838 1131 1008 1178 bonae.

604 1228 640 1261 A
674 1228 708 1262 R
745 1225 777 1259 G
813 1225 847 1258 Y
883 1225 915 1258 Β
951 1225 972 1257 1
1010 1225 1038 1257 P
1073 1223 1101 1256 P
1138 1220 1175 1255 U
1212 1222 1251 1256 s.

746 1292 924 1349 Sciam,
950 1291 1036 1337 ubi
1054 1290 1174 1337 boni
1196 1289 1318 1352 quid
1341 1288 1570 1335 dederint.

712 1394 743 1428 L
778 1395 808 1427 E
846 1394 878 1427 O
915 1393 949 1426 N
986 1395 1007 1426 Ι
1043 1394 1078 1426 D
1115 1392 1164 1426 A.

273 1487 275 1489 ¹
294 1469 427 1531 Opta
444 1466 498 1513 id
510 1501 524 1526 ,
545 1465 682 1528 quod
698 1501 712 1523 ‚
732 1475 788 1511 ut
806 1463 1051 1527 contingat
1067 1458 1156 1508 tibi
1169 1496 1182 1519 ,
1200 1461 1282 1508 vis.

618 1563 1268 1603 ARGYRIPPUS.
1335 1588 1345 1594 .

1015 1634 1152 1705 Quid
1179 1636 1215 1680 si
1244 1645 1409 1696 eptam
1426 1636 1448 1680 ἐ’

720 1740 751 1772 L
785 1739 815 1772 E
853 1738 885 1771 ο
922 1738 957 1771 Ν
994 1737 1015 1770 1
1051 1738 1087 1769 D
1123 1736 1171 1769 A.

1148 1849 1150 1851 ‚
1363 1795 1575 1844 Eveniet·

613 1880 1259 1916 ARGYRIPPUS.

300 1956 434 2018 Opto
450 1969 635 2003 annum
651 1954 781 2000 hunc
797 1962 1088 2014 perpetuum
1109 1953 1228 1998 mihi
1245 1952 1384 2016 hujus
1400 1954 1577 2014 operas,

712 2056 745 2090 L
779 2055 810 2089 E
846 2056 879 2090 O
917 2056 951 2089 N
987 2055 1009 2088 Ι
1044 2056 1079 2089 D
1114 2053 1163 2088 A.

1318 2120 1577 2186 Inpetrasti.

278 2247 280 2252 .
624 2211 662 2246 A
694 2212 729 2246 Β
765 2209 798 2244 G
832 2211 868 2244 Y
904 2212 937 2246 Β
972 2211 994 2244 1
1028 2211 1056 2244 P
1091 2209 1120 2243 P
1156 2210 1192 2244 U
1227 2206 1267 2244 s.

302 2271 406 2326 Ain’
431 2280 578 2327 vero?

444 2356 450 2371 ¹
715 2357 747 2390 L
782 2357 812 2389 E
850 2358 882 2392 o
916 2358 950 2391 Ν
985 2358 1006 2390 1
1042 2358 1078 2390 D
1111 2354 1161 2389 A.

429 2424 597 2482 Certe,
632 2426 846 2486 inquam.
