1650 2826
0 144 27 192 es

0 183 31 494 Ε

0 0 42 174 ξ

124 183 260 235 1.ιὸ
408 175 850 228 A'CTUS'IV.
901 177 1007 226 SC.
1059 176 1138 229 11.
1348 200 1407 248 91

130 292 288 339 Frater
319 291 516 339 trudebat
533 288 729 354 fratrem
763 288 891 336 hasta
926 301 970 335 et
995 292 1142 352 galea.
1173 304 1216 339 et
1246 306 1415 342 nostrae

310 419 315 425 ,
338 398 341 399 ⁷
385 375 599 411 auctorem
619 365 766 424 gentis

136 435 246 484 Cum
269 435 438 489 Veneris·
454 435 565 499 filia
592 437 750 496 anguis
777 436 952 498 repsisse
979 435 1106 481 tellus
1130 434 1353 500 Epirotica
1401 425 1405 428 “

138 508 267 556 Vidit.
307 507 358 555 de
385 524 545 553 summo
577 524 765 552 summus
797 505 1018 571 Juppiter.
1039 508 1101 553 sic
1136 510 1295 554 statuit
1308 544 1325 558 ,
1356 511 1420 555 sic

343 596 350 604 ’
373 580 532 646 fatum
567 581 706 626 habet.

135 652 310 719 optumi
353 668 494 698 omnes
536 664 777 701 nostrates,
817 669 899 717 pro
935 652 1066 698 claris
1091 651 1269 716 factis,
1314 654 1421 700 diris

393 738 588 787 aguntur
613 727 754 772 malis.

0 819 12 833 ³
46 842 50 843 γ
129 795 246 846 Fata
270 799 402 859 istaee
428 815 494 843 me
513 809 744 862 premunt,
759 797 1070 862 pertolerarem
1095 799 1183 846 vim
1217 809 1416 849 tantam.

0 854 26 1113 ,θ

393 869 614 933 cladesque

133 939 424 991 Exanclarem
441 943 695 1008 inpetibiles.
747 968 751 970 >

622 1042 645 1076 S
683 1043 716 1076 Ο
754 1040 778 1075 S
812 1041 835 1075 1
870 1042 919 1076 A.

572 1109 803 1174 Blepharo.

511 1211 541 1244 B
575 1210 606 1244 Ι.
642 1209 673 1242 E
709 1209 736 1241 P
775 1207 809 1241 H
847 1207 883 1240 A
918 1208 952 1242 R
988 1206 1038 1242 Ο.

687 1279 939 1354 Quidest?

632 1378 655 1412 S
693 1379 725 1411 Ο
762 1377 784 1410 S
820 1378 841 1410 Ῑ
877 1377 926 1409 A.

811 1455 968 1502 Nescio
986 1454 1091 1517 quid
1101 1454 1211 1500 mali
1227 1457 1430 1519 suspicor.

143 1584 148 1591 .
536 1556 567 1592 B
600 1559 631 1592 I.
667 1559 698 1591 E
731 1558 761 1591 P
797 1558 832 1591 Η
866 1559 903 1593 A
937 1561 971 1593 R
1006 1559 1053 1592 0.

150 1620 312 1696 Quid?

646 1703 669 1737 S
705 1704 737 1738 Ο
775 1705 798 1738 S
833 1706 854 1738 I
889 1704 938 1739 A.

244 1777 345 1824 Vide
368 1778 451 1826 sis,
479 1760 605 1822 herus
631 1777 848 1822 salutator
875 1777 1165 1842 oppessulatas
1193 1786 1293 1823 ante
1312 1774 1435 1840 foris

401 1850 620 1911 graditur.

541 1952 1059 1999 BLEpnARo.

156 2032 287 2081 Nihil
303 2043 391 2081 est,
399 2032 570 2097 samem
588 2044 806 2096 exspectat
822 2020 1107 2078 obambulans.

650 2129 673 2163 S
709 2130 741 2163 Ο
780 2130 802 2164 S
838 2130 859 2162 I
894 2130 943 2163 A.

494 2247 500 2251 ,
721 2242 725 2246 .
799 2202 973 2249 Curiose
986 2185 1152 2266 quidem
1169 2202 1306 2270 ·foris
1325 2205 1436 2251 enim

163 2276 355 2345 Clausit,
377 2293 431 2324 ne
445 2288 795 2347 praeponeretur
809 2276 955 2341 foras.

537 2385 568 2417 B
601 2385 632 2419 1.
667 2385 698 2419 E
716 2356 762 2428 j,
797 2383 834 2416 Η
866 2383 903 2417 A
936 2386 971 2419 R
1005 2385 1053 2420 0.

782 2461 1022 2529 Oggannis.
