1650 2826
232 176 326 223 342
559 156 1191 205 BACCHIDES.
1387 160 1513 219 v.64

528 274 1228 310 PISTOGLERUS.

234 329 408 401 Quid?

266 429 269 431 .
394 446 398 450 ,
587 404 613 438 c
650 405 684 438 H
721 405 754 438 R
789 404 824 437 Y
861 403 882 438 s
921 403 954 437 A
993 405 1022 437 L
1059 404 1094 436 U
1131 405 1168 437 S.

367 476 541 524 Stilum
556 511 569 534 ,
594 493 747 522 ceram
764 510 776 533 ‚
803 486 849 521 et
871 475 1088 533 tabellam,
1118 487 1165 521 et
1187 476 1356 522 linum.

526 547 1218 610 PISTOCLE'RUS.

1004 645 1112 704 jam
1135 646 1244 692 faxo
1264 647 1340 692 hic
1366 658 1517 693 erunt.

519 739 1236 774 MNESILOCHUS.

242 798 381 869 Quid
396 815 528 854 nunc
553 815 598 844 es
624 799 862 846 facturus?
884 800 935 845 id
956 800 1077 846 mihi
1095 800 1211 847 dice.
1243 813 1435 848 coctum
1454 812 1520 847 est

494 874 765 935 prandium.
803 916 811 928 Ι

598 936 1180 994 οᾟΒῩεΑιυε,

242 1020 339 1067 Vos
361 1020 460 1066 duo
483 1021 605 1066 eritis
622 1056 634 1078 ,
654 1033 800 1083 atque
824 1023 972 1069 amica
990 1033 1072 1067 tua
1090 1023 1177 1068 erit
1195 1033 1357 1069 tecum
1374 1023 1518 1068 tertia.

502 1114 1250 1150 μΜΝΕεΙιοοηῦε.

243 1165 374 1213 Sicut
404 1166 528 1213 dicis.

399 1236 401 1238 ¹
599 1242 625 1273 C
662 1240 695 1273 H
731 1242 763 1274 R
798 1240 833 1274 Y
871 1241 892 1274 S
933 1241 966 1274 A
1002 1243 1032 1277 L
1069 1243 1106 1275 U
1142 1244 1183 1278 S.

510 1312 765 1358 Pistoclero
786 1311 918 1356 nulla
938 1311 1085 1357 amica
1105 1322 1184 1356 est.

523 1403 1233 1438 MNESILOCHUS.

1208 1465 1367 1511 Immo
1384 1464 1525 1512 adest.

245 1540 455 1587 Alteram
483 1539 561 1583 ille
594 1549 719 1584 amat
745 1554 979 1596 sororem,
1010 1555 1098 1604 ego
1117 1540 1320 1584 alteram
1337 1572 1351 1596 ,
1370 1537 1526 1584 ambas

499 1611 763 1659 Bacchides.

594 1706 620 1738 C
657 1705 690 1737 H
726 1707 758 1739 R
795 1705 829 1738 Y
867 1705 888 1738 S
925 1705 960 1738 A
996 1706 1027 1739 L
1062 1705 1096 1737 U
1133 1705 1172 1739 S.

248 1764 385 1835 Quid
403 1775 459 1810 tu
477 1763 718 1825 loqueris?

541 1848 1251 1883 MNESILOCHUS.

597 1915 706 1962 Hoc
725 1927 780 1962 ut
801 1915 950 1962 futuri
972 1931 1147 1961 sumus.

607 2007 1183 2043 CHRYSALUS.

1065 2067 1160 2115 Ubi
1187 2078 1254 2113 est
1280 2065 1527 2114 biclinium

248 2131 397 2179 Vobis
422 2143 619 2180 stratum
638 2134 659 2179 Ρ

549 2211 1262 2254 MNESILoc'HUS.

577 2280 713 2349 Quid
736 2280 787 2326 id
818 2280 1056 2341 exquiris?

599 2372 625 2402 c
662 2371 696 2403 Η
731 2373 764 2405 R
801 2372 835 2404 Y
874 2372 895 2404 s
934 2370 969 2403 A
1003 2370 1034 2402 Ι,
1071 2368 1106 2401 U
1141 2367 1178 2399 s.
1546 2414 1555 2419 κ

947 2431 1036 2478 Res
1062 2430 1126 2474 ita
1150 2438 1215 2473 est
1237 2444 1246 2472 :
1276 2426 1368 2472 dici
1396 2430 1524 2474 volo.
