1650 2826
287 115 379 217 ⁵176
514 171 517 175 ·
653 151 1194 203 AS1NAR1A.
1405 171 1564 222 xum

284 267 610 318 Hirundinem
627 300 640 324 ‚
681 265 994 312 monedulam
1013 299 1027 324 ,
1063 266 1293 327 putillum
1309 301 1322 325 ‚
1358 270 1566 330 passeril*

542 342 661 387 lum.

283 418 375 464 Fac
403 421 760 477 proserpentem
783 410 981 457 bestiam
1009 428 1088 457 me
1104 446 1119 469 ,
1145 411 1388 474 duplicem
1410 423 1466 459 ut
1487 414 1567 459 ha-

537 487 678 534 beam
702 486 930 549 linguam.

289 560 696 620 Circumdatoque
723 575 802 603 me
832 558 1058 607 brachiis;
1087 577 1254 608 meum
1276 561 1457 607 collum
1483 559 1570 606 cir-

542 635 825 695 cumplecte.

611 707 1263 771 ARGY'RI‘PPUS.

285 814 404 860 Ten’
420 813 748 874 conplectatur
761 845 774 868 ,
794 809 1018 857 carnufex
1035 812 1058 857 ?

709 913 748 952 L*
773 912 795 944 1
834 913 864 944 B
898 914 932 945 A
968 914 1002 946 N
1040 912 1076 945 U
1113 913 1150 948 s.
1201 916 1204 920 ·

818 983 982 1052 Quam
998 999 1111 1028 vero
1130 983 1353 1049 indignus
1377 986 1541 1033 videor
1559 986 1568 1033 !

286 1061 361 1107 Ne
388 1060 506 1105 istuc
531 1056 868 1118 nequidquam
897 1055 1064 1103 dixeris
1094 1067 1191 1104 tam
1217 1059 1470 1123 indignum
1505 1061 1572 1106 di—

547 1141 680 1177 ctum
714 1146 764 1174 m
797 1146 900 1174 me:

288 1206 442 1278 vehes
479 1206 564 1267 pol
601 1203 746 1267 hodie
778 1219 886 1259 me,
918 1201 1157 1264 siquidem
1190 1203 1284 1249 hoc
1322 1216 1571 1270 argentum

327 1280 330 1285 “
541 1278 659 1323 ferre
687 1293 851 1338 speres.

605 1375 1251 1419 ARGYRIPPUS.

288 1459 408 1505 Ten'
441 1472 528 1521 ego
552 1453 762 1503 veham?

710 1552 1151 1590 LIBANUS.

497 1639 624 1685 Tun’
645 1638 737 1683 hoc
756 1636 869 1682 feras
887 1643 1134 1697 argentum
1152 1633 1262 1679 hinc
1279 1633 1410 1679 aliter
1424 1651 1449 1680 a
1465 1636 1573 1681 me?

608 1743 1259 1784 ARGYRIPPUS.

291 1825 413 1870 Perii
430 1825 598 1869 hercle.
620 1824 654 1868 si
677 1839 846 1868 verum
871 1819 1070 1881 quidem
1094 1829 1161 1863 est
1179 1853 1192 1876 ‚
1212 1818 1382 1864 herum
1403 1820 1572 1867 vehere

550 1912 734 1943 servom
753 1928 766 1953 ,

292 1969 534 2020 Inscende.

713 2053 744 2086 L
780 2051 800 2083 1
838 2052 865 2084 Β
901 2051 936 2083 Α
971 2051 1006 2084 Ν
1040 2047 1078 2083 U
1115 2048 1152 2083 s.

569 2131 642 2185 Sic
669 2131 738 2176 isti
773 2132 925 2176 solent
954 2128 1144 2190 superbi
1166 2124 1449 2174 subdomari.

294 2203 404 2250 Asta
430 2205 572 2269 igitur
589 2239 602 2260 ,
631 2214 686 2248 ut
717 2214 968 2248 consuetus
1003 2217 1047 2246 es
1077 2215 1198 2260 puer
1227 2198 1354 2244 olim.
1389 2196 1496 2242 scin’
1519 2209 1573 2243 ut

548 2278 700 2322 dicam
716 2277 737 2320 ?

294 2346 422 2394 Hem
435 2348 510 2394 sic.
531 2349 634 2393 abi:
660 2348 818 2393 laudo.
845 2363 932 2394 nec
952 2359 998 2394 te
1025 2361 1151 2407 equo
1168 2341 1314 2406 magis
1332 2353 1398 2389 est
1421 2356 1568 2402 equos
1623 2390 1627 2400 Ι

547 2421 670 2466 ullus
694 2421 883 2481 sapiens.
