1650 2826
1496 77 1510 102 ἒ

235 140 329 203 398
551 133 1186 185 BAccHIDEs.
1380 147 1513 184 vm

238 244 357 301 Ille,
384 242 521 305 quod
547 242 597 288 in
626 259 672 288 se
703 240 821 298 fuit,
849 253 1122 288 accuratum
1152 241 1320 287 habuit
1339 275 1353 298 ,
1381 241 1517 303 quod

357 340 378 342 -
493 327 647 380 posset
677 315 788 362 mali

241 391 434 448 Facere,
453 401 501 436 et
524 390 575 435 in
597 405 674 435 me
702 387 1002 435 inconciliare
1025 387 1180 447 copias
1206 388 1361 433 omnis
1381 403 1518 436 meas.

530 487 1223 524 PISTOCLERUS.

240 559 511 624 Inprobum
538 560 691 606 istunc
715 574 808 604 esse
832 567 1021 620 oportet
1045 556 1309 602 hominem.

522 649 1238 688 MNESILOCHUS.

1000 719 1102 783 Ego
1121 719 1184 765 ita
1201 735 1294 765 esse
1312 717 1521 765 arbitror.

536 813 1229 850 PISTOCLERUS.

246 886 459 935 Obsecro
483 885 639 931 hercle
663 872 862 943 loquere
877 916 890 938 ‚
915 882 1019 943 quis
1043 881 1078 926 is
1102 881 1200 928 est?

542 972 1249 1010 MNESILOCHUS.

960 1033 1253 1080 Benevolens
1278 1030 1395 1099 vivit
1425 1027 1527 1073 tibi.

250 1110 375 1158 Nam
404 1110 456 1156 ni
487 1110 550 1156 ita
584 1118 728 1165 esset,
757 1118 921 1154 tecum
955 1123 1168 1163 orarem,
1197 1115 1253 1152 ut
1283 1104 1357 1161 ei,
1395 1100 1530 1164 quod
1572 1160 1576 1165 st

505 1199 660 1243 posses
686 1181 799 1227 mali

248 1257 417 1305 Facere
433 1290 447 1313 ,
473 1254 655 1300 faceres,

553 1340 1248 1384 PISTOCLERUS.

434 1420 525 1467 Dic
544 1418 695 1465 modo
712 1416 960 1464 hominem
975 1448 989 1470 ‚
1009 1412 1094 1474 qui
1111 1411 1190 1456 sit:
1208 1410 1243 1454 si
1258 1424 1359 1454 non
1379 1405 1534 1451 fecero

251 1496 310 1546 Ei
343 1496 466 1541 male
500 1494 662 1554 aliquo
699 1503 839 1554 pacto
860 1525 874 1549 ,
910 1505 990 1535 me
1026 1502 1120 1533 esse
1156 1483 1300 1530 dicito
1335 1479 1533 1546 ignavis-

504 1583 713 1614 sumum.

539 1643 1248 1692 MNESILOGHUS.

255 1732 482 1794 Nequam
510 1729 662 1775 homo
683 1736 750 1772 est
764 1759 777 1780 ‚
796 1739 963 1769 verum
989 1718 1143 1764 hercle
1157 1714 1331 1762 amicus
1347 1724 1416 1758 est
1430 1711 1534 1758 tibi.

544 1809 1236 1856 PISTOCLERUS.

861 1870 883 1893 ⁰
1200 1865 1534 1930 Tantomagis

258 1956 379 2016 Dic,
397 1955 502 2018 quis
521 1953 621 2000 est?
639 1966 851 2012 nequam
875 1946 1080 1996 hominis
1108 1960 1195 2009 ego
1218 1941 1350 2006 parvi
1373 1935 1535 2001 pendo

507 2040 716 2094 gratiam.

544 2107 1264 2154 MNESILOCHUS:

254 2187 411 2236 Video
429 2205 530 2235 non
547 2198 748 2249 potesse,
769 2184 889 2245 quin
908 2180 997 2227 tibi
1017 2179 1115 2242 ejus
1129 2187 1307 2222 nomen
1326 2171 1535 2229 eloquar.

255 2263 532 2318 Pistoclere,
562 2259 807 2322 perdidisti
833 2273 912 2304 me
943 2254 1151 2301 sodalem
1181 2245 1406 2294 funditus.

314 2389 322 2396 .
496 2341 1243 2403 ,PISTOCLERUs

260 2413 397 2484 Quid
424 2413 542 2460 istuc
570 2412 673 2458 est?
