1650 2826
246 174 344 234 3&
571 172 1179 227 CAPTEIVEL
1402 186 1528 248 ιω

600 293 1171 334 ERGASILUS.

632 368 706 414 Ne
730 373 1086 432 perpauxillum
1117 375 1297 426 modo:

244 445 369 490 Nam
393 442 511 502 istoc
538 459 617 488 me
645 443 827 490 assiduo
859 446 987 492 victu
1020 448 1205 496 delecto
1236 450 1383 498 domi.

731 538 767 571 H
801 540 834 572 Ε
871 540 903 574 G
939 541 960 573 1
997 542 1046 574 o.

243 611 344 676 Age
371 609 426 655 sis
439 643 459 667 2
476 623 607 671 rogo.

600 703 630 736 Ε
667 705 699 737 R
736 703 769 736 G
799 704 834 737 A
871 703 893 738 s
930 705 951 738 1
986 704 1018 738 1.
1054 705 1091 738 U
1129 705 1170 739 s.

596 779 793 826 Emtum
811 815 824 837 ‚
850 780 937 826 nisi
963 780 1049 841 qui
1071 779 1319 826 meliorem
1339 779 1524 838 afferet,

244 861 382 929 Quae
405 854 526 901 mihi
554 864 699 913 atque
725 854 882 900 amicis
910 855 1090 916 placeat
1112 853 1325 900 conditio
1347 854 1519 917 magis:

245 930 395 1003 Quasi
424 925 634 1044 furLdum
662 927 868 973 vendam
885 962 898 985 ,
922 928 1038 973 meis
1061 942 1139 975 me
1167 928 1384 974 addicam
1411 924 1527 992 legi-

531 1013 595 1042 us.

724 1087 759 1119 H
793 1087 822 1119 Ε
862 1086 894 1119 G
929 1088 949 1120 1
987 1088 1035 1122 o.

240 1160 543 1212 Profundum
568 1156 735 1203 vendis
773 1167 827 1202 tu
861 1156 1088 1218 quidem,
1119 1157 1250 1204 haud
1277 1157 1487 1206 fundum
1506 1193 1522 1219 ‚

495 1234 644 1281 mihi:

243 1312 338 1359 Sed
369 1311 405 1357 si
434 1318 642 1356 venturu
667 1305 698 1349 's
719 1339 732 1361 ,
758 1305 978 1366 tempori.

609 1406 639 1438 E
675 1406 708 1438 R
746 1404 778 1436 G
814 1403 848 1436 A
886 1402 910 1436 S
945 1402 965 1435 I
1002 1403 1031 1436 L
1067 1402 1105 1436 U
1141 1403 1180 1438 S.

831 1472 961 1518 Hem
984 1472 994 1518 Ξ
1023 1472 1100 1518 vel
1128 1472 1231 1535 jam
1263 1471 1416 1517 otium
1441 1484 1519 1518 est.

725 1573 1036 1610 HEGIO.

242 1648 265 1692 I
290 1643 467 1700 modo,
498 1658 670 1688 venare
697 1642 913 1703 leporem
935 1660 944 1685 :
976 1655 1107 1686 nunc
1133 1652 1261 1686 erem
1287 1651 1431 1686 tenes.

240 1718 366 1763 Nam
400 1731 533 1762 meus
564 1729 833 1774 scruposam
865 1711 1015 1758 victus
1046 1723 1288 1758 conmetat
1315 1713 1455 1758 viam.

456 1796 1163 1852 “ERGASILUS.
1314 1854 1318 1858 .

240 1882 522 1940 Numquam
539 1878 655 1923 istoc
679 1877 835 1923 vinces
863 1892 943 1922 me
961 1911 974 1933 ,
997 1876 1150 1941 Hegio
1164 1896 1175 1927 ;
1201 1892 1262 1924 ne
1283 1877 1488 1940 postules
1506 1868 1534 1920 ε’

242 1953 368 2000 Cum
400 1950 608 1997 calceatis
640 1949 861 1995 dentibus
889 1949 1079 1996 veniam
1104 1960 1278 1995 tamen.

731 2046 765 2079 H
801 2047 831 2079 E
870 2046 901 2079 G
937 2047 957 2078 Ι
997 2047 1045 2079 Ο.

241 2115 388 2177 Asper
412 2132 546 2162 meus
574 2115 724 2161 victus
754 2129 862 2160 sane
884 2114 949 2158 ’st.

597 2215 627 2248 E
663 2216 696 2249 R
733 2214 766 2247 G
800 2215 835 2248 A
870 2215 950 2257 sx1
987 2214 1016 2247 L
1053 2214 1088 2247 U
1125 2214 1164 2248 s.

947 2278 1159 2331 Sentisne
1193 2283 1354 2330 esitas?

717 2376 752 2409 Η
787 2376 817 2410 Ε
855 2376 885 2409 G
923 2377 943 2410 1
981 2377 1029 2408 0.

241 2441 482 2488 Terrestris
515 2457 662 2488 coena
684 2443 749 2488 ’st.
