1650 2826
244 189 338 250 480
682 186 1086 238 CASINA.
1395 208 1520 251 vfm

242 296 370 343 Nam
390 291 593 343 vicinam
612 298 858 346 neminem
874 314 984 373 amq
1004 298 1174 347 merito
1191 300 1360 364 magis,
1378 317 1527 364 quam

500 381 548 416 te
569 390 580 421 ;

246 437 347 489 Nec
371 459 584 504 ⁸quacum
608 439 745 505 plura
769 453 880 491 sunt
903 442 1052 501 mihi,
1078 460 1203 506 quae
1226 461 1313 513 ego
1332 446 1492 495 velim.

627 535 671 570 M
707 535 741 568 U
777 537 811 569 R
847 538 879 570 R
915 537 948 569 Η
983 538 1005 570 1
1040 538 1074 570 Ν
1109 539 1158 571 A.

247 606 372 654 Amo
396 618 444 654 te
459 641 472 664 ,
491 617 637 668 atque
654 606 774 652 istuc
792 617 966 668 expeto
983 607 1095 653 scire
1114 608 1235 669 quid
1253 608 1323 654 sit.

555 700 582 731 c
619 699 649 731 1.
684 698 714 731 Ε
752 698 784 731 o
823 698 845 731 s
883 699 914 732 T
950 701 983 733 R
1018 695 1054 732 A
1090 699 1122 732 T
1158 696 1207 733 A.

246 768 332 815 Vir
362 784 442 813 me
470 766 614 813 habet
639 762 866 827 pessumis
898 764 1182 828 despicatam
1207 766 1395 826 modis,

242 842 350 888 'Nec
377 840 496 886 mihi
518 840 594 904 jus
620 856 787 886 meum
818 839 1069 885 obtinendi
1095 840 1230 902 optio
1262 851 1342 887 est.

621 933 1156 979 ΜΠΒΒΗΙΝΑ.

248 1003 409 1051 Hem!
445 998 565 1064 quid
597 1000 697 1046 est?
726 996 801 1047 dic
828 1001 959 1048 idem
986 1002 1080 1048 hoc
1104 1018 1115 1047 τ
1143 1016 1256 1050 narn
1282 1001 1367 1065 pol
1397 1000 1528 1048 haud

495 1084 598 1119 satls
629 1089 740 1118 meo
945 1124 947 1127 ¹
1187 1110 1190 1113 ,

250 1145 406 1194 Corde
429 1144 587 1205 accepi
611 1142 822 1205 querelas
851 1151 977 1197 tuaS,
1002 1139 1221 1199 obsecro-⁴
1259 1182 1263 1186 ,
1312 1127 1314 1129 V

567 1231 1219 1275 CLEosMTRA‘rjA.

247 1304 332 1352 Vir
358 1319 437 1350 me
466 1302 611 1349 habet
634 1302 860 1364 pessumis
887 1294 1175 1362 despicatam
1198 1299 1368 1347 modis.

638 1398 1170 1434 MURRHINA.

248 1471 369 1518 Mira
401 1479 511 1514 sunt
531 1502 544 1525 ,
566 1461 675 1514 vera
703 1467 740 1511 si
765 1466 1013 1528 praedicas.
1043 1482 1158 1512 narn
1181 1465 1269 1513 viri

243 1541 329 1602 Jus
356 1558 497 1587 suum
525 1540 586 1586 ad
616 1538 835 1586 mulieres
862 1538 1078 1602 obtinere
1100 1537 1233 1607 haud
1261 1547 1464 1598 queunt.
1503 1584 1508 1586 ,

561 1635 587 1668 c
624 1634 654 1667 1.
690 1634 721 1667 Ε
759 1634 791 1666 o
829 1632 851 1666 s
888 1632 919 1665 T
955 1633 989 1666 Β
1023 1632 1060 1665 A
1094 1630 1125 1665 Τ
1158 1631 1207 1665 A.

251 1705 389 1776 Quin
427 1704 548 1752 mihi
583 1702 855 1749 ancillulam
890 1699 1094 1765 ingratiis
1131 1700 1367 1761 postulat,
1405 1714 1528 1761 quae

503 1795 610 1824 mea
632 1779 686 1823 ’st
701 1811 715 1834 ‚

254 1851 395 1919 Quae
415 1866 525 1896 meo
545 1850 742 1895 educata
755 1858 917 1894 sumtu
935 1859 1029 1907 est,
1047 1845 1207 1895 villico
1228 1861 1315 1892 suo
1335 1858 1382 1891 se
1401 1842 1523 1891 dare.

251 1924 345 1971 Sed
371 1924 495 1986 ipsus
526 1940 630 1970 eam
653 1934 791 1969 amat.

614 1998 742 2051 ‘Mu
777 2018 879 2071 RsR
914 2015 950 2049 H
982 2015 1005 2048 1
1037 2015 1073 2048 N
1107 2014 1156 2049 A.

766 2085 978 2132 Obsecro
995 2097 1111 2132 tace.
1364 2139 1371 2144 .

554 2156 1227 2209 cLEosTRArA(
1283 2158 1307 2183 ·”
1395 2159 1408 2181 ⁴·

776 2289 781 2294 ¹
1097 2288 1101 2292 ⁴
1159 2229 1377 2280 Namhic
1394 2242 1523 2277 nunc

254 2299 386 2347 Licet
416 2300 580 2348 dicere.
621 2317 709 2347 nos
730 2317 906 2348 sumus.
1396 2312 1398 2317 '

624 2397 670 2431 M
705 2397 740 2431 U
775 2397 810 2432 R
843 2396 878 2429 R
912 2393 947 2428 H
980 2393 1004 2426 1
1036 2393 1072 2426 N
1107 2389 1155 2424 A.

927 2462 997 2508 Ita
1018 2461 1083 2507 'st.
1111 2455 1242 2506 unde
1262 2473 1312 2505 ea
1332 2457 1419 2504 tibi
1437 2457 1518 2505 'sti'
