1650 2826
271 190 331 235 80
577 184 1240 233 AM‘PHITRUO.
1447 190 1550 237 v.8

645 307 1149 348 JUPPITER.

265 382 486 441 Derides,
512 383 597 443 qui
625 383 706 428 scis
731 383 846 429 haec
862 382 1158 447 jamdudum
1181 400 1262 430 me
1283 383 1450 431 dixisse
1468 401 1553 446 per

514 455 698 518 jocum.

748 532 771 565 S
809 532 841 565 Ο
878 532 900 566 S
937 533 958 565 Ι
994 533 1042 566 A.

264 606 342 654 An
360 605 411 652 id
424 605 537 670 joco
561 604 751 650 dixisti?
770 605 998 666 equidem
1016 607 1133 653 serio
1153 625 1205 655 ac
1222 625 1335 655 vero
1354 620 1493 656 ratus.

661 705 684 746 J
721 705 757 737 U
790 706 819 738 P
854 706 882 738 P
918 707 940 738 1
975 707 1007 739 Τ
1042 708 1072 741 Ε
1109 711 1156 743 R.

264 779 428 826 Habui
447 778 842 842 expurgationem
862 796 872 828 ;
893 776 1014 838 facta
1036 795 1132 840 pax
1156 792 1235 828 est.

770 878 794 911 s
830 879 862 912 o
901 879 923 912 s
959 879 980 911 1
1017 880 1064 912 A.

1247 930 1548 993 Opmme’st.

655 1007 679 1049 J
717 1007 752 1040 U
790 1008 819 1041 P
855 1008 882 1040 Ρ
918 1009 939 1040 1
977 1009 1008 1041 T
1043 1010 1073 1042 E
1109 1010 1157 1042 R.

262 1082 364 1147 Ego
383 1099 485 1130 rem
505 1081 718 1129 divinam
735 1082 862 1128 intus
881 1081 1071 1140 faciam,
1088 1092 1201 1129 vota
1219 1097 1342 1142 quae
1359 1091 1482 1126 sunt.

749 1177 772 1210 S
810 1177 842 1210 O
879 1176 902 1210 S
938 1177 959 1209 I
994 1176 1042 1209 A.

1354 1227 1548 1277 Censeo.

660 1304 1158 1346 JUPPITER.

261 1378 343 1424 Tu
371 1377 739 1441 gubernatorem
761 1394 786 1421 a
815 1376 924 1422 navi
950 1376 1046 1421 huc
1078 1392 1222 1423 evoca
1249 1378 1403 1423 verbis
1431 1381 1549 1425 meis

259 1451 608 1513 Blepharonem
619 1486 631 1508 ‚
650 1462 705 1497 ut
718 1468 767 1497 re
779 1451 938 1497 divina
954 1450 1074 1497 facta
1084 1467 1280 1497 mecum
1292 1453 1533 1513 prandeat.

746 1551 768 1586 s
807 1553 839 1585 o
877 1552 899 1586 s
937 1553 958 1584 1
993 1552 1041 1584 A.

253 1622 364 1682 Jam
391 1623 468 1669 hic
489 1639 567 1669 ero
582 1658 595 1680 ‚
623 1638 777 1684 quom
794 1621 888 1667 illic
907 1621 1113 1667 censebis
1130 1638 1223 1668 esse
1240 1638 1332 1669 me.

655 1724 679 1766 J
715 1724 751 1757 U
788 1726 816 1758 Ρ
855 1726 882 1758 Ρ
918 1725 939 1757 1
977 1724 1007 1756 T
1042 1725 1072 1756 E
1109 1726 1155 1757 R.

1062 1790 1297 1837 Actutum
1315 1792 1411 1838 huc
1430 1794 1543 1840 redi.

639 1892 674 1924 A
712 1892 742 1939 Ι,
777 1894 804 1925 c
838 1892 873 1924 U
908 1893 949 1925 M
984 1894 1014 1927 Ε
1046 1895 1079 1927 Ν
1113 1894 1160 1927 A.

258 1964 514 2027 Numquid
531 1966 598 2012 vis
612 2000 624 2022 ,
646 1965 766 2025 quin
784 1966 949 2011 abeam
961 1967 1063 2030 jam
1080 1967 1206 2027 intro
1218 2001 1233 2025 ,
1248 1979 1304 2014 ut
1319 1986 1544 2031 apparen-

510 2050 588 2084 tur
625 2037 801 2099 quibus
830 2055 930 2099 opu
946 2039 1037 2084 ’sti'

650 2145 672 2186 J
711 2145 747 2177 U
785 2147 813 2179 P
852 2147 880 2179 P
915 2146 935 2178 1
973 2147 1004 2179 T
1040 2148 1070 2179 E
1108 2149 1154 2181 R.

256 2223 281 2268 I
301 2239 408 2268 sane
422 2258 434 2280 ,
458 2235 504 2269 et
526 2235 765 2286 quantum
782 2237 938 2287 potest
954 2262 967 2284 ‚
986 2238 1144 2288 parata
1165 2226 1235 2274 fac
1253 2229 1344 2273 sint
1366 2229 1538 2274 omnia.

636 2326 1159 2361 ALCUMENA.

246 2392 394 2461 .Quin
419 2395 548 2440 venis
560 2430 576 2454 ‚
604 2398 801 2456 quando
819 2398 887 2444 vis
903 2434 915 2455 ‚
937 2399 1063 2446 intro
1085 2419 1095 2446 ε
1119 2399 1227 2446 faxo
1245 2400 1376 2446 haud
1396 2402 1537 2462 quid-

512 2483 660 2527 quam
687 2472 743 2516 sit
767 2487 940 2516 morae.
