1650 2826
259 166 319 225 4⁶
523 157 1230 208 AMPHITRUQ,
1339 175 1469 223 ψῃ

257 266 399 314 Nunc
421 265 550 311 venis
572 265 711 310 etiam
734 265 858 309 ultro
884 264 1079 310 inrisum
1107 263 1375 311 dominum.
1407 284 1533 328 quae

507 355 667 398 neque
690 338 789 383 fieri

255 421 455 467 Possunt
470 453 484 476 ,
524 435 683 479 neque
731 417 875 464 fando
915 435 1148 480 umquam
1186 414 1364 481 accepit
1405 415 1533 481 quis-

513 502 686 552 quam,
709 490 884 552 profers
902 526 915 547 ,
940 491 1183 539 carnufex:

256 571 444 642 Quojus
462 586 548 636 ego
563 571 706 617 hodie
722 572 773 617 in
786 583 916 635 tergo
935 571 1041 617 faxo
1057 572 1141 617 ista
1160 582 1383 633 expetant
1400 588 1531 617 men-

508 644 649 690 dacia.

751 733 1043 769 SOSIA.

256 815 546 876 Amphitruo
574 847 587 869 ‚
619 812 892 860 miserruma
923 815 1061 860 istaec
1093 815 1271 862 miseria
1302 827 1370 862 est
1401 832 1535 864 servo

515 884 678 942 bono,

257 957 405 1022 Apud
427 961 596 1005 herum
627 960 713 1020 qui
743 977 851 1006 vera
878 960 1094 1021 loquitur
1113 993 1128 1018 ,
1150 961 1187 1007 si
1215 961 1269 1006 id
1296 961 1346 1008 vi
1366 974 1533 1010 verum

508 1043 725 1078 vmcrtur.

595 1139 1190 1176 AMPHITRUO.

257 1226 373 1294 Quo
394 1223 469 1280 id,
488 1224 669 1268 malum
685 1258 697 1279 ,
720 1234 859 1283 pacto
889 1234 1046 1284 potest
1064 1223 1213 1291 (nam
1244 1242 1437 1273 mecum
1465 1242 1535 1271 ar-

509 1295 743 1358 gumentis
770 1295 926 1358 puta)

257 1370 294 1416 F
296 1369 378 1414 ieri
393 1403 406 1425 ,
429 1384 560 1413 nunc
583 1368 655 1413 uti
677 1379 734 1413 tu
755 1367 831 1413 hic
854 1369 909 1413 sis
933 1379 980 1414 et
1004 1368 1169 1415 domi?
1201 1369 1252 1414 id
1272 1369 1363 1416 dici
1388 1371 1518 1418 volo,

750 1479 1044 1515 SOSIA.

260 1570 377 1616 Sum
398 1568 614 1630 profecto
638 1579 686 1613 et
715 1565 791 1614 hic
822 1579 869 1613 et
895 1568 1002 1614 illic.
1039 1570 1132 1616 hoc
1163 1570 1350 1631 quoivis
1381 1569 1535 1617 mirari

510 1643 631 1688 licet.

258 1718 430 1776 Neque
464 1716 552 1760 tibi
587 1716 705 1760 istuc
741 1716 920 1762 mirum
951 1717 1095 1780 magis
1130 1716 1319 1762 videtur
1341 1750 1355 1774 ‚
1388 1733 1533 1776 quam

512 1787 758 1846 ipsimihi.

603 1891 1193 1929 AMPHITRUO.

259 1972 374 2040 Quo
402 1967 587 2015 modo?

755 2062 776 2095 s
815 2061 846 2093 ο
885 2059 906 2092 s
941 2059 961 2091 1
997 2059 1045 2092 A.

418 2147 580 2192 Nihilo
595 2180 608 2202 ,
641 2144 863 2204 inquam,
900 2142 1076 2187 mirum
1107 2140 1250 2206 magis
1288 2144 1376 2190 tibi
1413 2143 1531 2191 istuc

511 2234 658 2279 quam
682 2215 813 2262 mihj.
1312 2215 1317 2221 ’

259 2299 457 2361 Neque,
483 2298 547 2344 ita
565 2315 643 2344 me
665 2297 746 2344 Dii
769 2307 931 2343 ament
945 2330 959 2353 ,
989 2292 1237 2341 credebam
1259 2292 1414 2356 primo
1440 2293 1531 2342 mi·-

511 2371 662 2415 himet
695 2369 873 2426 Sosiae,

261 2448 429 2500 Donec
447 2444 597 2505 Sosia,
614 2449 692 2494 ille
716 2458 929 2513 egomet,
950 2448 1059 2495 fecit
1076 2450 1161 2495 sibi
1183 2448 1255 2495 uti
1277 2449 1530 2498 crederem.
