1650 2826
262 184 323 235 32
547 169 1209 229 AMPHITRUo.
1340 184 1510 247 v.25c-3

254 283 385 329 Nam
417 290 567 326 noctu
596 280 681 324 hac
716 280 870 325 soluta
898 281 952 326 ’st
985 282 1113 328 navis
1148 291 1307 327 nostra
1340 297 1366 326 e
1395 293 1543 342 portu

513 353 720 398 Persico:

261 429 323 476 Et
344 428 431 474 ubi
450 428 632 472 Pterela
653 442 738 471 rex
765 427 975 490 regnavit
994 462 1007 484 ,
1036 426 1274 488 oppidum
1302 442 1547 491 expugna-

512 517 666 547 vimus
686 520 695 545 ε

259 575 322 621 Et
343 573 549 637 legiones
565 572 887 618 Teleboarum
902 573 951 618 vi
969 571 1231 635 pugnando
1255 573 1479 633 cepimus.

260 649 323 694 Et
339 648 464 710 ipsus
481 646 770 707 Amphitruo
791 646 1094 691 obtruncavit
1114 662 1274 710 regem
1297 646 1527 691 Pterelam

513 719 566 766 in
590 718 788 780 proelio.

772 811 793 845 S
832 813 864 845 Ο
902 813 923 846 S
962 814 981 846 1
1018 813 1067 846 A.

261 889 467 952 Egomet
491 884 609 930 mihi
631 900 734 930 non
762 884 903 930 credo
920 919 934 942 ,
964 883 1119 945 quom
1148 884 1279 933 illaec
1302 898 1547 934 autumare

516 960 655 1005 illum
680 958 838 1005 audio.

264 1035 358 1081 Hic
378 1033 577 1095 quidem
597 1043 744 1089 certe,
765 1048 887 1093 quae
905 1033 998 1079 illic
1024 1045 1134 1080 sunt
1154 1049 1223 1080 res
1248 1045 1424 1098 gestae,
1444 1050 1546 1079 me·-

516 1116 670 1151 morat
695 1117 981 1150 memoriter.

264 1178 360 1225 Sed
391 1179 512 1240 quid
540 1179 630 1224 ais?
659 1179 781 1239 quid
809 1178 1152 1240 Amphitruoni
1175 1197 1202 1225 a
1222 1178 1443 1226 Telebois
1465 1177 1548 1224 da-

518 1262 627 1296 tum
653 1251 740 1295 ’st?

603 1343 645 1376 M
681 1344 711 1376 E
749 1345 782 1376 R
818 1346 844 1377 c
881 1345 916 1377 U
952 1345 986 1377 R
1023 1346 1042 1376 Ι
1079 1345 1115 1377 U
1151 1344 1189 1377 s.
1538 1351 1558 1374 ο

262 1415 444 1461 Pterela
463 1429 548 1460 rex
569 1414 655 1475 qui
672 1414 874 1476 potitare
892 1415 1053 1461 solitus
1070 1426 1137 1460 est
1151 1449 1164 1473 ,
1183 1426 1341 1476 patera
1363 1430 1513 1461 aurea.

752 1520 774 1553 s
813 1521 845 1553 Ο
884 1520 906 1553 S
943 1521 963 1552 Ι
1000 1521 1047 1553 A.

266 1589 494 1635 Elocutus
520 1600 598 1634 est.
626 1589 712 1635 ubi
737 1600 895 1650 patera
921 1605 1053 1634 nunc
1080 1584 1176 1635 est?

621 1683 668 1715 M
703 1682 734 1714 E
769 1683 803 1714 R
839 1683 865 1714 C
901 1682 936 1714 U
972 1683 1005 1715 R
1041 1682 1062 1714 I
1098 1682 1132 1714 U
1171 1679 1210 1714 S.

1221 1735 1279 1782 In
1307 1739 1468 1786 cistula
1536 1773 1539 1775 -

266 1808 626 1871 Amphitruonis
643 1810 884 1874 obsignata
902 1809 1033 1873 signo
1051 1810 1118 1853 'st.

708 1931 714 1936 »
748 1911 772 1951 8
810 1912 841 1944 Ο
881 1910 903 1944 S
939 1911 960 1943 1
997 1911 1046 1944 A.

1042 1980 1171 2046 Signi
1197 1982 1272 2030 dic
1300 1984 1420 2045 quid
1442 1985 1544 2031 est?

610 2092 654 2125 M
688 2092 718 2124 E
754 2091 787 2124 R
823 2092 849 2124 c
886 2091 921 2124 U
957 2091 990 2124 R
1026 2092 1046 2124 1
1084 2092 1118 2124 U
1156 2092 1193 2125 s.

267 2160 395 2206 Cum
438 2158 671 2225 quadrigis
708 2163 778 2206 sol
811 2162 1036 2207 exoriens.
1090 2162 1210 2223 quid
1245 2142 1542 2223 riae-captas,

526 2234 787 2280 carnufex?

763 2332 785 2366 S
823 2333 856 2365 Ο
893 2331 915 2364 S
949 2331 971 2364 1
1006 2331 1054 2364 A.

272 2396 570 2462 Argumentis
588 2399 736 2445 vincit
754 2419 762 2445 :
797 2399 927 2445 aliud
944 2414 1122 2444 nomen
1150 2394 1477 2459 quaerendum
1492 2398 1546 2443 ’st

522 2470 650 2515 mihi.
