1650 2826
221 209 314 255 450
542 183 1236 243 CAPTEIVEI-.,
1362 197 1506 240 valo

699 306 734 339 H
769 306 798 338 E
836 305 867 337 G
903 306 924 338 1
960 305 1007 338 o.

221 378 315 426 Scis
338 378 462 424 bene
489 393 608 433 esse,
638 376 673 421 si
697 375 754 422 sit
780 375 925 421 unde.

575 471 604 503 E
641 471 675 504 R
712 469 744 502 G
779 469 811 502 A
850 469 872 502 S
907 470 926 502 1
962 469 992 502 L
1029 469 1063 501 U
1100 467 1140 502 S.

771 536 971 582 Pernam
1000 547 1145 597 atque
1170 525 1463 597 ophthalmih
1484 570 1499 595 ‚

220 611 493 668 Horaeum‚
515 609 816 667 scombrum,
852 621 899 654 et
928 609 1207 673 ›trigonum,
1236 620 1283 655 et
1309 621 1469 656 cetum
1485 645 1498 667 ,

474 694 522 728 et
551 683 750 728 mollem
786 682 1011 728 caseum?

703 767 738 799 H
771 767 800 799 Ε
840 767 872 799 G
909 766 928 798 1
968 766 1016 798 o.

223 837 520 885 Nominandi
542 838 740 882 istorum
756 834 846 880 tibi
870 833 954 879 erit
980 833 1124 898 magis
1148 850 1293 895 quam
1313 830 1493 879 edundi

477 928 615 973 cop1a

221 986 314 1033 Hic
341 984 471 1047 apud
501 1001 606 1041 me,
638 982 850 1046 Ergasile.

574 1077 604 1109 E
642 1078 674 1110 R
697 1060 743 1108 ‘G
778 1076 813 1107 A
850 1075 871 1108 s
909 1074 928 1106 1
964 1075 994 1108 L
1031 1074 1066 1106 U
1103 1073 1141 1106 S.

554 1143 710 1190 Mean’
733 1158 810 1188 me
839 1158 991 1186 caussa
1016 1141 1109 1186 hoc
1136 1155 1290 1186 censes
1317 1139 1501 1186 dicere?

704 1236 1016 1271 HEGIO.

224 1312 325 1378 Nec
356 1310 477 1356 nihil
509 1308 653 1355 hodie
674 1341 689 1364 2
724 1322 814 1376 ntec
844 1306 1001 1350 multo
1034 1305 1142 1365 plus
1174 1315 1231 1351 tu
1257 1301 1334 1351 hic
1362 1301 1469 1351 edes
1484 1285 1501 1362 .‚

478 1399 541 1428 ne
564 1382 731 1428 frustra
753 1381 821 1425 sis.

227 1459 370 1504 Proin
389 1469 445 1504 tu
469 1457 542 1503 tui
571 1453 840 1517 quotidiani
865 1451 980 1499 victi
1008 1461 1223 1498 ventrem
1249 1450 1310 1496 ad
1337 1467 1416 1497 me
1440 1452 1503 1497 af-

480 1529 608 1576 feras.

573 1622 602 1656 Ε
639 1623 673 1656 R
709 1622 743 1654 G
779 1619 815 1656 A
851 1619 872 1653 s
908 1620 928 1651 1
964 1618 993 1652 L
1030 1617 1066 1650 U
1088 1617 1141 1671 ,⁵-

229 1693 366 1763 Quin
394 1693 458 1738 ita
490 1690 684 1748 faciam,
719 1700 775 1735 ut
808 1700 856 1734 te
889 1688 1046 1750 cupias
1081 1686 1230 1734 facere
1262 1697 1502 1744 sumtum,

481 1766 566 1811 etsi
592 1781 680 1829 ego
703 1774 876 1811 vetem.

260 1874 265 1879 ι
710 1857 744 1890 Η
779 1857 809 1889 Ε
848 1854 879 1887 G
915 1856 936 1888 1
975 1855 1022 1888 o.

226 1917 424 1984 Egone?
944 1924 950 1930 ‘

263 1994 265 1997 ’
579 2003 610 2036 Ε
646 2003 679 2036 R
715 1993 747 2034 G
783 2000 818 2033 A
853 2000 876 2034 s
912 2000 934 2033 1
970 1999 1001 2032 L
1038 1998 1072 2031 U
1110 1997 1147 2032 s.

299 2120 301 2125 Ι
358 2065 500 2110 Tute.

708 2139 742 2172 Η
777 2139 806 2171 Ε
846 2139 878 2172 G
915 2139 934 2171 1
971 2137 1017 2171 o.

482 2209 615 2254 Tum
637 2219 693 2254 tu
710 2208 778 2253 mi
797 2207 937 2271 igitur
955 2207 1094 2252 Herus
1112 2221 1169 2252 es.

583 2297 1176 2335 ERGASILUvss

272 2403 300 2426 .·
996 2367 1152 2415 Immo
1176 2363 1298 2409 bene
1324 2362 1500 2409 volens.

234 2435 343 2488 Vin'
376 2449 424 2486 te
452 2437 617 2487 faciam
647 2439 981 2490 fortunatum?
