1650 2826
230 205 397 266 v.138
527 198 816 250 ACTUS
868 199 906 246 1.
962 199 1070 247 SC.
1125 201 1162 246 Ι.
1388 216 1474 262 19.

587 323 951 360 '‘s'oslA.

751 405 950 476 Quem?
973 407 1023 453 in
1045 417 1261 453 mentem
1283 409 1415 455 venit
1428 441 1446 466 ,

168 479 271 528 Illic·
289 478 436 527 homo
457 478 551 526 hoc
574 479 737 527 denuo
757 483 859 528 volt
881 482 1080 544 pallium
1104 481 1335 530 detexere.

78 624 97 649 0
519 594 1099 657 MERcuqnlus.

166 682 325 732 Timet
343 686 493 733 homo
514 705 523 731 :
550 686 775 732 deludam
799 702 886 750 ego
910 686 1061 732 illum.

633 797 656 830 s
692 798 724 830 ο
762 798 784 831 s
821 798 841 830 1
877 798 925 830 A.

841 875 985 921 Perii!
1021 875 1183 922 dentes
1205 879 1438 938 pruriunt.

164 948 300 1005 Certe
329 947 662 995 advenientem
691 964 770 994 me
803 948 879 993 hic
909 948 1115 1008 hospitio
1146 965 1336 1013 pugnae
1363 967 1440 998 ac·-

416 1022 683 1083 cepturu’st.

162 1103 315 1150 Credo
345 1105 599 1150 misericors
632 1115 727 1149 est:
761 1119 891 1149 nunc
922 1114 1171 1165 propterea
1193 1103 1330 1163 quod
1357 1120 1436 1148 me

413 1193 546 1221 meus
568 1176 707 1221 herus

160 1255 314 1313 Fecit,
337 1268 392 1302 ut
411 1258 650 1321 vigilarem
666 1290 682 1314 ‚
705 1257 781 1302 hic
813 1258 983 1321 pugnis
1010 1256 1148 1302 faciet
1178 1255 1322 1301 hodie
1339 1290 1352 1311 ,
1377 1266 1433 1301 ut

416 1328 661 1374 dormiam.

160 1399 358 1461 Oppido
379 1400 546 1445 interii.
584 1401 775 1446 obsecro
799 1401 953 1444 hercle
982 1410 1188 1459 quantus
1213 1410 1260 1444 et
1282 1415 1428 1459 quam

411 1470 592 1517 validus
613 1473 704 1518 est!

511 1589 1084 1625 MERCURIUS.

70 1673 87 1684 ⁶
162 1671 293 1717 Clare
330 1671 580 1719 advorsum
616 1671 876 1718 fabulabor.
921 1673 999 1718 hic
1036 1675 1265 1720 auscultet
1301 1692 1424 1736 quae

409 1745 591 1804 loquar.

152 1817 303 1881 Igitur
329 1819 473 1882 magis
502 1817 708 1864 modum
738 1819 790 1865 in
818 1820 1046 1885 majorem
1066 1822 1117 1868 in
1138 1839 1233 1870 sese
1263 1825 1423 1870 conci-

214 1946 227 1954 l
406 1903 506 1953 p1et
526 1904 724 1938 metum.

149 1969 289 2035 Agite
306 1999 336 2028 ,Α
356 1971 508 2035 pugni
520 2005 534 2028 ,
559 1973 660 2035 jam
691 1973 777 2019 diu
797 1974 850 2019 ’st
862 2008 877 2032 ‚
909 1978 1046 2045 quod
1066 1979 1219 2025 ventn'
1238 1979 1422 2026 victum

406 2059 508 2087 non
531 2043 671 2094 datis:

145 2119 436 2180 jampridem
466 2121 656 2168 videtur
682 2123 861 2170 factum
874 2159 888 2182 ,
911 2126 1012 2171 heri
1040 2127 1177 2188 quod
1202 2129 1418 2176 homines

408 2203 613 2253 quatuor

150 2262 209 2308 In
230 2279 446 2326 soporem
468 2269 741 2315 conlocastis
762 2271 930 2317 nudos.

645 2391 937 2428 soslA.

922 2475 1146 2523 Formido
1168 2481 1291 2525 male
1301 2512 1316 2539 ,

1070 2551 1160 2602 132
