1650 2826
240 189 334 250 384
395 183 766 258 BACCHIDES.
802 182 1008 232 ACTUS
1040 183 1099 231 V.
1135 184 1220 232 SC.
1256 187 1317 232 11.
1382 204 1427 235 v.
1452 188 1510 248 85

578 307 1153 343 NICOBULUS.

236 379 393 449 Quod
421 379 566 426 semel
594 377 719 436 dixi,
742 377 873 426 haud
897 378 1112 427 mutabo

619 471 1031 507 BAccHIS
1102 474 1136 506 1.

751 540 796 585 It
826 539 950 598 dies,
970 541 1034 586 ite
1062 541 1187 587 intro
1217 543 1505 590 accubitum.

232 615 339 662 Filii
365 629 449 661 vos
480 622 752 674 exspectant
784 612 925 658 intus.

588 704 624 736 N
658 703 678 736 1
715 703 742 735 c
783 703 815 736 o
854 704 881 736 Β
918 704 952 736 U
988 703 1018 737 L
1055 705 1091 738 U
1128 706 1166 740 s.

566 772 728 842 Quam
752 771 952 832 quidem
975 783 1193 820 actutum
1212 763 1510 821 emorissunur.

617 862 645 894 Β
681 861 716 893 Α
752 861 778 893 c
816 862 842 893 c
878 862 913 894 Η
948 863 970 895 1
1005 864 1027 896 s
1095 865 1132 898 1.

236 934 412 997 Vesper
441 933 519 979 hic
552 942 618 978 est
636 966 649 988 ,
673 930 943 991 sequimini.

558 1026 1204 1066 PHILOXENUS.

483 1091 659 1140 Ducite
685 1108 771 1138 nos
786 1127 800 1150 ‚
826 1109 926 1154 quo
944 1094 1106 1152 lubet,
1128 1107 1377 1158 tamquam
1397 1099 1508 1159 qui-

1059 1167 1172 1213 deni
1188 1168 1411 1215 addictos.

608 1256 637 1290 Β
673 1255 707 1287 Α
743 1256 768 1288 c
808 1256 835 1288 c
871 1256 907 1289 Η
942 1257 961 1289 1
999 1256 1021 1289 s
1088 1259 1122 1291 1.

233 1322 450 1386 Lepide
438 1320 525 1386 1psi
543 1322 594 1367 hi
616 1333 728 1367 sunt
752 1323 901 1384 capti,
925 1324 1015 1369 suis
1037 1324 1123 1386 qui
1142 1325 1245 1372 filiis
1267 1325 1455 1374 fecere
1442 1343 1513 1373 m-

486 1392 630 1439 sidias.
665 1384 743 1439 ite.

679 1527 725 1574 G
788 1527 831 1575 R
894 1528 934 1574 E
999 1529 1060 1576 X.

237 1602 344 1718 H
363 1682 382 1715 1
408 1684 537 1716 senes
550 1702 563 1724 ‚
584 1668 672 1714 nisi
689 1666 884 1716 fuissent
907 1669 1044 1717 nihili
1059 1669 1160 1734 jam
1181 1669 1294 1716 inde
1316 1670 1376 1717 ab
1397 1671 1510 1719 adu-

483 1743 703 1788 lescentia
721 1776 735 1799 ,

236 1815 350 1879 Non
382 1815 527 1861 hodie
560 1817 652 1860 hoc
675 1826 866 1860 tantum
895 1813 1128 1879 flagitium
1158 1815 1362 1865 facerent
1391 1818 1512 1864 canis

493 1887 723 1949 capitibus
736 1907 753 1932 ·:

237 1959 409 2025 Neque
435 1959 553 2005 adeo
574 1961 686 2006 haec
714 1959 996 2017 faceremus,
1025 1960 1077 2005 ni
1102 1962 1297 2010 antehac
1323 1961 1509 2010 vidisse-

271 2026 273 2031 *
491 2051 597 2079 mus
614 2033 739 2090 fieri,
813 2090 818 2094 Δ

234 2104 301 2151 Ut
323 2107 453 2168 apud
475 2108 670 2153 lenones
699 2107 860 2152 rivales
890 2106 993 2151 filiis
1018 2106 1183 2152 fierent
1209 2116 1370 2168 patres.

234 2177 555 2240 SpectatoreS,
590 2196 673 2225 vos
705 2180 857 2225 valere
895 2180 1117 2225 volumus
1137 2212 1152 2238 ,
1190 2189 1237 2224 et
1272 2177 1388 2223 clare
1427 2192 1509 2239 ap-

486 2251 726 2313 plaudere.

665 2457 1088 2480 -ι-μ--ῄ
