1650 2826
155 163 247 212 v.9
415 141 703 192 ACTUS
754 142 872 188 111.
921 140 1161 188 scv1.
1338 113 1428 202 3217

444 259 1153 296 MNESILOCHUS.

318 331 431 377 Non
448 331 602 393 placet
617 328 736 374 mihi
757 343 927 384 coena,
948 344 1071 388 quae
1089 328 1237 374 bilem
1253 341 1431 376 movet.

442 420 1134 456 PISTOCLERUS.

158 484 291 532 Num
307 499 430 546 quae
446 482 717 529 advenienti
734 482 979 547 aegritudo
1001 483 1186 548 objecta
1203 484 1300 532 est?

425 576 1183 612 MNESII.OCHUS.⁴

994 635 1158 698 Atque
1181 653 1430 684 acerruma.

433 722 1131 758 PISTOCLERUS.

102 808 119 825 ·,
154 773 329 820 Unde?

0 850 10 901 ’.ξ
143 899 148 903 .
425 849 1130 885 MNESILOCHUS.

0 901 10 964 i
140 919 159 942 ³
325 918 403 966 Ab
430 919 626 967 homine
641 955 655 978 ,
679 936 828 981 quem
856 918 976 966 mihi
1004 918 1212 964 amicum
1236 936 1329 966 esse
1351 936 1423 966 ar·-

0 988 6 999 ”
780 991 976 1037 bitratus
997 1007 1104 1056 sum
1127 991 1361 1037 antidhac.

436 1083 1132 1119 PISTOCLERUS.

150 1151 296 1199 Multi
332 1170 465 1204 more
499 1153 587 1199 isto
618 1165 763 1214 atque
798 1153 1020 1214 exemplo
1054 1152 1253 1211 vivont,
1298 1169 1421 1214 quos

401 1239 553 1284 quom
582 1239 763 1270 censeas

149 1292 256 1338 Esse
279 1292 451 1338 amicos
470 1327 484 1348 ‚
511 1294 809 1354 reperiuntur
827 1292 926 1338 falsi
944 1293 1215 1339 falsimoniis
1227 1330 1242 1351 ‚

152 1365 339 1430 Lingua
364 1365 570 1423 factiosi,
597 1366 767 1411 inertes
795 1382 964 1426 opera,
986 1365 1186 1411 sublesta
1216 1367 1323 1412 fide.

0 1436 9 1479 ὲ
150 1436 325 1483 Nullus
351 1450 422 1484 est
440 1473 454 1495 ,
486 1439 605 1500 quoi
630 1455 732 1484 non
759 1439 1003 1485 invideant
1032 1455 1134 1484 rem
1164 1431 1419 1486 secundam

2 1502 10 1517 ³
400 1511 657 1576 obtingere.

148 1579 249 1627 Sibi
274 1597 336 1627 ne
365 1582 631 1631 invideatur
646 1618 660 1641 ,
689 1584 776 1645 ipsi
804 1585 959 1648 ignavi
986 1596 1113 1631 recte
1138 1596 1317 1632 cavent.

422 1675 1124 1711 MNESILOCHUS.

147 1740 334 1803 Edepol
354 1757 442 1788 nae
463 1754 518 1789 tu
543 1744 736 1790 illorum
755 1760 909 1790 mores
932 1761 1167 1806 perquam
1187 1747 1414 1795 meditate

397 1828 539 1863 tenes.

146 1887 241 1934 Sed
275 1889 416 1934 etiam
445 1906 600 1936 unum
630 1891 723 1937 hoc
754 1882 814 1936 eft
846 1891 1038 1956 ingenio
1070 1894 1196 1938 malo
1229 1895 1412 1941 malum
1438 1885 1444 1891 ’

396 1973 650 2007 mvemunt
677 1979 790 2008 suo:

143 2034 278 2081 Nulli
307 2035 444 2081 amici
475 2046 585 2081 sunt
603 2069 618 2092 ,
664 2036 878 2081 inimicos
913 2036 1000 2099 ipsi
1031 2036 1084 2082 in
1117 2053 1212 2083 sese
1256 2039 1411 2085 omnis

391 2109 582 2154 habent.

144 2181 307 2244 Atque
327 2183 360 2228 ii
381 2200 429 2229 se
454 2200 606 2244 quom
628 2182 928 2240 frustrantur,
949 2182 1151 2229 frustrari
1174 2183 1286 2230 alios
1313 2196 1410 2231 sto-

389 2255 475 2302 lidi
502 2256 799 2302 existumant.

139 2325 272 2374 Sicut
295 2339 362 2375 est
385 2328 487 2384 hic,
516 2343 665 2408 quem
692 2317 785 2373 esee
811 2327 1019 2375 amicum
1041 2338 1164 2377 ratus
1186 2345 1322 2386 sum,
1343 2340 1411 2375 at-

393 2416 490 2462 que
518 2400 642 2463 ipsus
671 2415 778 2447 sum
806 2400 953 2448 mihi·

981 2545 1023 2582 H?
