1650 2826
236 229 393 285 v.176
553 221 840 272 ACTUS
894 224 930 268 1.
988 203 1094 270 Sc.
1149 224 1184 268 1.
1384 240 1443 284 23

175 335 340 381 Nescio
364 347 509 394 quem
531 329 667 390 loqui
693 338 909 374 autumat
930 347 939 372 ε
965 327 1084 373 mihi
1111 340 1237 375 certo
1265 345 1444 375 nomen

425 404 551 451 Sosia
581 403 648 448 ’st.

511 509 1087 543 MERCURIUS.

172 591 297 639 Hinc
325 590 454 637 enim
476 591 594 636 mihi
620 591 810 637 dextera
835 607 934 637 vox
963 591 1082 638 auris
1101 625 1115 648 ‚
1139 602 1195 637 ut
1222 589 1450 646 videtum·

417 663 641 711 verberat.

650 771 941 806 SOSIA.

170 846 336 894 Metuo
354 881 369 904 ,
386 847 512 893 vocis
541 863 606 892 ne
628 847 731 893 vice
762 846 907 892 hodie
936 846 1014 893 hic
1036 848 1259 909 vapulem
1276 881 1289 905 ,
1323 862 1445 907 quae

422 921 552 966 hunc
585 920 808 966 verberat.

509 1029 1088 1064 MERCURIUS.

172 1110 387 1172 Optume
417 1129 583 1160 eccum
614 1114 791 1160 incedit
822 1114 883 1159 ad
911 1129 1006 1159 me.

652 1229 942 1263 SOSIA.

875 1308 1074 1354 Timeo:
1103 1318 1232 1354 totus
1259 1319 1441 1368 torpeo.

171 1377 283 1423 Non
333 1377 504 1440 edepol
539 1394 670 1424 nunc
710 1379 796 1425 ubi
832 1390 1059 1435 terrarum
1094 1379 1181 1424 sim
1199 1412 1215 1436 ‚
1258 1380 1349 1424 scio
1367 1413 1380 1435 ,
1407 1379 1444 1423 si

428 1453 531 1513 quis
564 1465 720 1517 roget:

174 1521 344 1581 Neque
370 1523 507 1567 miser
540 1541 618 1568 me
652 1540 937 1571 conmovere
970 1541 1163 1585 possum
1203 1540 1312 1585 prae
1351 1522 1445 1568 for-

392 1590 396 1595 ’
429 1594 623 1639 midine.
1180 1589 1186 1594 ⁸

175 1663 308 1709 Ilicet
322 1697 335 1720 ,
357 1663 576 1711 mandata
594 1664 693 1711 heri
718 1666 959 1726 perierunt
975 1701 989 1724 ‚
1011 1683 1107 1715 una
1125 1677 1173 1712 et
1190 1666 1327 1713 Sosia.

174 1735 353 1784 Verum
394 1737 631 1783 certum’st
671 1738 962 1786 confidenter
991 1739 1241 1785 hominem
1281 1751 1446 1786 contra.

430 1810 684 1870 conloqui,

173 1887 275 1957 Qui
302 1887 475 1949 possim
500 1886 649 1933 w'deri
678 1890 790 1936 huic
810 1889 967 1947 fortiS,
988 1907 1015 1936 a
1039 1907 1118 1937 me
1141 1902 1198 1936 ut
1218 1890 1448 1938 abstineat

428 1977 641 2007 manum.

508 2073 1083 2108 MERCURIUS.

175 2151 291 2220 Quo
320 2151 528 2200 ambuhs
550 2163 605 2197 tu
620 2186 635 2208 ,
663 2153 752 2212 qui
774 2151 1043 2198 Volcanum
1070 2152 1125 2198 in
1154 2168 1303 2198 cornu
1331 2168 1450 2199 con-

433 2225 629 2290 clusum‘
646 2224 798 2288 geris?
831 2247 847 2267 a.

655 2332 678 2365 s
714 2333 746 2365 o
782 2332 807 2365 s
842 2332 863 2364 1
897 2331 950 2363 A.

179 2412 313 2482 Quid
330 2412 382 2459 id
400 2413 603 2474 exquiris
621 2424 674 2461 tu
688 2447 703 2474 ,
728 2413 813 2477 qui
832 2412 1002 2478 pugnis
1024 2428 1075 2458 os
1095 2428 1271 2458 exossas
1294 2411 1452 2458 homi-

354 2486 364 2493 ’
387 2503 397 2513 ·
432 2486 574 2534 nibus
594 2487 618 2533 ἓ

1178 2555 1217 2602 Β
1237 2572 1266 2615 4
