1650 2826
109 233 205 278 νηὶ
402 204 802 259 ACTUSII.
854 205 1085 254 Sc.11.
1327 221 1391 266 μ

113 314 196 371 Est'
225 323 275 368 in
299 331 445 368 aetate
474 317 757 366 hominum;

117 399 186 444 Ita
213 396 313 444 Diis
338 392 566 456 placitum
582 425 596 447 ,
614 391 914 450 voluptatem
942 396 999 431 ut
1020 401 1202 431 maeror
1233 402 1393 433 comes

368 472 683 522 consequatur
702 480 711 505 :

118 546 252 616 Quin
279 541 574 590 incommodi
595 542 701 603 plus
723 540 933 601 malique
955 540 1081 587 illico
1112 539 1215 586 assit
1233 573 1247 597 ‚
1273 538 1394 586 boni

366 617 403 663 si
428 616 598 680 obtigit
628 615 760 676 quid.
1006 623 1012 629 ⁴

118 699 239 745 Nam
262 713 349 762 ego
372 695 423 740 id
444 711 574 740 nunc
600 695 812 756 experior
836 693 984 740 domo
1001 728 1015 751 ,
1039 705 1184 756 atque
1207 694 1303 756 ipsa
1332 692 1397 740 de'

366 785 445 814 me
473 767 566 813 scio
583 801 596 824 ‚
619 766 738 827 quoi
758 768 978 828 voluptas

118 843 374 904 Parumper
394 842 502 887 data
518 842 593 891 ’st3
614 840 733 886 dum
750 840 837 887 viri
856 840 952 885 mei
970 838 1089 884 mihi
1105 849 1307 900 potestas
1324 838 1396 884 vi⁴

376 913 521 960 dendi
542 912 633 958 fuit
1314 915 1322 922 '

123 986 327 1034 Noctem
344 1003 491 1034 unam
506 984 680 1031 modo:
703 994 849 1043 atque
871 982 906 1028 is
923 994 1119 1045 repente
1141 982 1257 1029 abiit
1275 999 1302 1028 a
1318 997 1397 1028 me

377 1062 488 1107 hinc
506 1071 614 1106 ante
638 1059 809 1103 lucem.

127 1132 234 1179 Sola
253 1134 330 1180 hic
351 1134 470 1179 mihi
491 1148 622 1178 nunc
643 1130 808 1177 videor
822 1164 836 1186 ‚
862 1130 975 1190 quia
999 1129 1077 1175 ille
1105 1130 1217 1176 hinc
1239 1131 1368 1177 abest
1383 1163 1401 1188 ‚

383 1223 530 1267 quem
553 1221 640 1269 ego
662 1220 771 1249 amo
793 1214 973 1264 praeter
996 1203 1163 1249 omnis.

128 1287 238 1333 Plus
259 1288 380 1351 aegri
406 1303 465 1333 ex
486 1286 620 1332 abitu
640 1286 727 1333 viri
746 1320 759 1343 ,
779 1302 927 1346 quam
949 1302 1009 1332 ex
1030 1286 1239 1333 adventu
1261 1287 1402 1333 volu-

383 1359 521 1421 ptatis
541 1359 655 1419 cepi.

135 1428 228 1476 Sed
250 1431 340 1476 hoc
370 1448 447 1475 me
460 1430 578 1476 ,beat
600 1431 762 1476 saltem
777 1464 791 1487 ‚
821 1429 958 1491 quod.
984 1429 1237 1491 perduellis
1259 1429 1372 1476 vicit
1386 1461 1404 1487 ‚

393 1513 439 1547 et
469 1502 671 1547 domum

140 1581 310 1627 Laudis
325 1598 503 1643 conpos
522 1583 726 1628 revenit:
746 1582 798 1627 id
816 1583 978 1628 solatio
997 1583 1062 1627 ’st.
1084 1581 1219 1629 Absit
1231 1602 1247 1634 ;
1264 1583 1408 1631 dum-

386 1655 535 1700 modo

141 1726 303 1775 Laude
323 1739 453 1789 parta
480 1728 682 1774 domum
703 1729 893 1790 recipiat
914 1744 960 1774 se
981 1747 990 1773 :
1015 1728 1160 1777 feram
1183 1741 1230 1776 et
1254 1732 1408 1792 perfe-

389 1816 488 1844 ram
523 1817 675 1861 usque

140 1868 341 1916 Abitum
379 1871 475 1934 ejus
513 1872 669 1924 animo
710 1871 819 1917 forti
844 1881 1002 1932 ‘atque
1036 1874 1286 1921 obfirmato
1314 1895 1323 1920 :
1358 1874 1411 1921 id

393 1943 542 1988 modo
565 1944 600 1987 si
628 1943 853 1988 mercedis

143 2020 295 2068 Datur
315 2023 466 2080 mihi,
487 2035 543 2068 ut
565 2040 697 2069 meus
713 2024 863 2069 victor
881 2025 951 2070 vir
966 2024 1080 2069 belli
1096 2027 1249 2072 clueat
1263 2062 1276 2084 ‚
1294 2028 1397 2074 satis

144 2103 264 2148 Mihi
284 2119 375 2148 esse
393 2103 576 2149 ducam.
600 2104 758 2151 Virtus
774 2105 1038 2166 praemium
1056 2118 1122 2151 est
1140 2118 1413 2168 optumum.

144 2183 303 2230 Virtus
335 2186 556 2233 omnibus
589 2186 727 2232 rebus
756 2188 901 2233 anteit
929 2187 1155 2248 profecto.

145 2256 379 2316 Liberam,
399 2261 516 2304 salus
533 2294 545 2316 ‚
576 2260 672 2306 vita
689 2294 702 2317 ‚
726 2260 794 2305 res
817 2294 831 2316 ,
856 2272 1095 2321 parentes,

147 2328 297 2376 Patria
327 2342 373 2377 et
406 2332 623 2396 prognati
652 2343 868 2378 tutantur
883 2367 897 2390 ‚
933 2347 1195 2383 servantur:

151 2404 308 2455 Virtus
338 2411 495 2474 omnia
531 2411 580 2456 in
609 2428 656 2457 se
686 2412 858 2458 habet:
891 2415 1051 2462 omnia
1074 2429 1230 2464 assunt
1255 2417 1383 2464 bona
1399 2437 1417 2477 5

399 2500 546 2544 quem
565 2501 710 2547 penes
731 2497 798 2533 est
817 2486 975 2533 virtus.

1066 2572 1167 2623 DQ
