1650 2826
207 189 307 235 ·42
547 171 1200 226 AMPHITRUO.
1362 187 1489 244 v.46

638 294 662 337 J
697 295 733 329 U
769 296 798 330 P
835 298 862 330 P
898 298 919 330 1
956 299 986 331 Τ
1022 300 1053 332 E
1087 302 1134 334 R.

1091 377 1184 423 Abi
1205 394 1314 439 prae
1331 413 1344 437 ,
1370 378 1520 427 Sosia:

242 444 348 503 Jam
371 461 457 510 ego
479 461 656 507 sequar.
680 447 924 506 numquid
941 448 1007 493 vis
1021 447 1043 492 ?

614 541 648 575 A
684 544 714 576 L
749 543 774 574 c
812 542 847 574 U
885 544 927 576 M
962 544 991 575 E
1029 545 1063 577 N
1100 545 1147 576 A.

698 618 852 662 Etiam
869 637 878 661 t
899 628 954 662 ut
970 628 1186 663 actutum
1203 619 1430 668 advenias.

639 715 1136 760 JUPPITER.

822 809 828 816 .
1380 776 1524 824 Licet.

248 845 378 890 Prius
405 854 488 889 tua
523 844 749 905 opinione
785 844 861 889 hic
890 842 1057 890 adero:
1091 844 1279 892 bonum
1310 848 1527 895 animum

500 916 636 962 habe.

169 986 174 991 ’
249 988 395 1035 Nunc
418 999 465 1034 te
481 1023 494 1046 ,
519 1004 619 1034 nox
633 1023 645 1044 ‚
668 1003 790 1048 quae
811 1004 889 1034 me
912 990 1142 1047 mansisti,
1161 990 1329 1048 mitto,
1344 1003 1399 1037 ut
1417 1008 1530 1039 con-

503 1061 634 1106 cedas
667 1060 743 1106 die
759 1096 773 1117 ,

251 1132 315 1179 Ut
337 1133 614 1179 mortalibus
635 1133 871 1180 inluciscas
894 1137 1000 1180 luce
1023 1136 1140 1181 clara
1155 1146 1206 1181 et
1224 1136 1434 1183 candida.

250 1205 412 1266 Atque
432 1217 614 1266 quanto
638 1223 738 1251 nox
760 1207 887 1253 fuisti
910 1208 1094 1271 longior
1117 1210 1203 1255 hac
1224 1227 1458 1270 proxuma
1473 1245 1487 1267 ‚

251 1279 407 1324 Tanto
430 1279 617 1325 brevior
648 1279 743 1325 dies
766 1291 822 1326 ut
845 1281 925 1326 fiat
953 1280 1118 1327 faciam
1133 1315 1147 1337 ‚
1181 1293 1237 1327 ut
1259 1298 1411 1343 aeque
1434 1282 1525 1327 dis-

501 1361 661 1411 paret3

252 1423 312 1472 Et
335 1425 431 1472 dies
456 1442 480 1470 e
503 1435 644 1470 nocte
667 1423 867 1471 accedat.
898 1424 1008 1483 ibo,
1035 1436 1083 1472 et
1104 1426 1393 1472 Mercurium
1418 1426 1529 1472 sub-

503 1517 680 1562 sequar.

576 1643 1017 1700 ACTUS
1101 1644 1206 1702 ΙΙ.

672 1783 994 1831 SCENA
1060 1785 1100 1829 I.

381 1914 1024 1958 ¹AMPHITRUO..
1091 1918 1401 1956 SoSIA.

596 2015 1192 2052 AMPHITRUQ.

259 2067 424 2180 ΑΕΒ
439 2166 453 2188 ,
475 2131 491 2176 i
517 2142 571 2178 tu
594 2133 870 2180 secundum.

745 2234 1035 2269 SOSIA.

914 2303 1126 2364 Sequor,
1154 2305 1412 2365 subsequor
1437 2314 1497 2350 te.

583 2397 617 2429 A
652 2399 695 2432 Μ
730 2400 759 2432 P
798 2400 831 2432 Η
867 2400 887 2431 1
926 2400 956 2432 Τ
991 2401 1025 2434 R
1061 2400 1094 2433 U
1132 2401 1178 2434 o.

263 2470 660 2520 Scelestissumum
689 2486 736 2520 te
762 2474 968 2521 arbitror.
994 2530 1019 2542 ᾪ
