1650 2826
117 191 244 252 ιω)
405 160 692 234 AcTu's
740 184 859 230 111.
910 183 1012 230 se.
1062 184 1120 230 v.
1292 200 1380 243 441

338 301 1173 337 ARISTOPHONTES.

120 372 208 418 Per
222 371 347 418 Deos
363 382 507 432 atque
529 370 743 417 homines
761 387 848 434 ego
870 382 917 416 te
937 371 1146 417 obtestor
1158 406 1171 428 ,
1191 372 1346 436 Hegio
1359 405 1374 429 ‚

121 443 195 489 Ne
223 453 278 491 tu
296 442 450 489 istunc
474 443 720 489 hominem
747 443 951 504 perduis.

604 537 639 570 H
673 537 703 570 Ε.
739 537 772 569 G
807 537 828 569 Ι
865 537 913 570 Ο.

666 591 669 593 ’
991 590 1257 636 Curabitur.

120 660 242 708 Nam
268 672 416 708 noctu
440 677 588 708 nervo
613 662 799 707 vinctus
824 663 1138 709 custodibitur
1153 698 1167 720 ,

118 734 353 781 Interdius
382 736 471 782 sub
502 747 621 781 terra
651 735 827 796 lapides
857 737 1048 782 eximet.

119 804 219 853 Diu
247 823 334 871 ego
366 808 495 854 hunc
519 807 767 864 cruciabo,
787 825 889 854 non
912 825 1011 854 uno
1038 809 1276 854 absolvam
1300 808 1390 854 die.

339 899 1173 933 ARISTOPHONTES.

120 965 379 1014 Certumne
397 967 451 1012 ’st
482 966 569 1013 tibi
593 967 747 1013 istuc?

603 1060 638 1094 H
673 1061 703 1092 E
740 1060 772 1092 G
807 1061 827 1092 Ι
866 1061 916 1094 Ο.

790 1120 902 1165 Non
920 1121 1080 1166 moriri
1099 1123 1245 1168 certiu
1259 1123 1328 1168 'st.

123 1192 363 1239 Abducite
378 1194 522 1239 istum
540 1204 757 1239 actutum
774 1193 834 1238 ad
848 1193 1173 1256 Hippolytum
1190 1194 1395 1254 fabrum,

118 1263 296 1322 Jubete
324 1264 436 1309 huic
459 1280 618 1309 crassas
642 1263 877 1324 conpedes
900 1264 1156 1328 inpingier:

124 1335 247 1381 Inde
267 1347 396 1380 extra
410 1347 597 1396 portam
608 1335 674 1380 ‘ad
690 1352 855 1381 meum
869 1337 1096 1382 libertum
1110 1337 1367 1383 Cordalum
1380 1372 1396 1395 ‚

125 1407 187 1452 In
214 1407 482 1468 lapicidinas
511 1407 645 1453 facite
674 1407 905 1454 deductus
929 1409 1041 1454 siet:

124 1479 288 1540 Atque
320 1481 450 1526 hunc
483 1481 546 1526 ita
573 1498 652 1526 me
678 1483 828 1539 velle,
859 1481 1027 1539 dicite,
1056 1483 1283 1539 curarim,

126 1552 201 1598 Ne
223 1553 308 1612 qui
327 1551 529 1598 deterius
554 1554 665 1599 huic
685 1554 741 1599 sit
754 1589 767 1612 ‚
788 1572 934 1616 quam
957 1556 1074 1617 quoi
1096 1573 1312 1618 pessume
1329 1557 1395 1602 'st.

500 1648 532 1680 T
567 1648 602 1680 Y
636 1650 670 1682 N
707 1650 743 1682 D
777 1650 813 1681 A
848 1651 881 1683 R
917 1651 952 1683 U
989 1650 1026 1683 S.

130 1706 227 1751 Cur
256 1723 344 1770 ego
367 1718 415 1752 te
440 1708 592 1754 invito
612 1725 691 1756 me
716 1725 809 1755 esse
830 1711 1009 1756 salvom
1036 1712 1315 1772 postulem?

125 1780 394 1826 Periculum
420 1781 542 1826 vitae
565 1798 696 1828 meae
721 1794 808 1829 stat
839 1794 926 1829 tuo
954 1784 1179 1845 periculo.

126 1851 238 1898 Post
260 1864 465 1899 mortem
492 1854 543 1899 in
561 1866 715 1902 morte
738 1855 858 1902 nihil
884 1855 975 1913 est,
995 1856 1133 1917 quod
1153 1868 1365 1903 metuam
1379 1893 1393 1915 ‚

376 1926 501 1971 mali.

127 1996 225 2042 Etsi
248 1996 443 2057 pervivo
470 2014 621 2058 usque
647 1999 707 2044 ad
731 2017 964 2046 summam
982 2013 1182 2047 aetatem
1200 2035 1215 2058 ,
1238 2013 1399 2049 tamen

126 2067 276 2113 Breve
302 2068 505 2128 spatium
521 2070 574 2114 ’st
595 2070 867 2130 perferundi
882 2107 895 2129 ‚
917 2089 1039 2133 quae
1058 2073 1241 2118 minitas
1264 2074 1396 2120 mihi.

128 2139 246 2185 Vale
275 2151 420 2201 atque
448 2142 593 2187 salve:
616 2142 699 2187 etsi
719 2144 850 2189 aliter
872 2155 927 2190 ut
951 2145 1128 2201 dicam,
1146 2161 1306 2190 meres·

130 2210 237 2269 Tu,
254 2212 612 2275 Aristophontes
626 2249 639 2271 ,
665 2215 724 2261 de
746 2233 823 2262 me
849 2228 904 2263 ut
922 2217 1157 2274 meruisti,
1176 2216 1241 2263 ita
1265 2217 1395 2274 vale,

130 2279 253 2329 Nam
283 2284 403 2330 mihi
428 2296 622 2347 propter
648 2297 695 2332 te
723 2288 815 2334 hoc
846 2288 1030 2354 obtigit.

606 2379 643 2413 Η
676 2379 708 2413 Ε
743 2379 776 2414 G
810 2382 829 2416 1
865 2384 914 2418 0.
1214 2363 1218 2367 ⁴

1047 2433 1297 2481 Abducite.
