1650 2826
230 158 317 242 πρ
534 182 1173 232 AULULARIAE
1390 203 1506 239 „nx

583 300 1148 336 STROBILUS.

810 367 962 415 Abeo.

673 455 705 492 E
741 455 777 488 U
813 457 839 492 C
876 457 906 491 L
942 457 963 491 1
1000 457 1047 494 Q».

1020 516 1145 563 Cave
1164 516 1220 562 sis
1237 527 1285 562 te
1301 515 1515 566 videam..

653 642 977 692 SCENA
1050 644 1096 693 V.

594 761 1206 806 STROBILUs„‘

225 823 315 934 E
339 894 617 930 MORTUUM
647 900 733 947 ego
763 900 843 929 me
865 884 1088 930 mavelim
1113 886 1211 931 leto
1239 886 1400 944 malo,

225 959 388 1027 Quam
418 974 520 1003 non
551 974 638 1020 ego
668 957 738 1002 illi
767 958 879 1003 dem
911 959 1055 1004 hodie
1080 960 1263 1006 insidias
1291 962 1403 1007 seni.

224 1031 348 1078 Nam
378 1032 454 1076 hic
475 1032 576 1094 jam
601 1048 703 1076 non
734 1032 929 1078 audebit
958 1050 1127 1078 aurum
1156 1033 1440 1080 abstrudere.

228 1106 384 1151 Credo
422 1105 590 1151 referet
621 1106 714 1168 jam
742 1124 929 1164 secum,
962 1118 1010 1152 et
1033 1107 1239 1154 mutabit
1263 1110 1441 1154 locum.

225 1178 361 1227 Atat!
395 1179 505 1228 foris
546 1180 744 1241 crepuit.
786 1197 930 1227 senex
971 1197 1138 1227 eccum
1173 1198 1343 1228 aurum
1376 1181 1512 1229 effert:
1646 1231 1650 1245 ξ

477 1252 612 1299 foras.
1644 1263 1650 1307 ,²

225 1325 475 1388 Tantisper
500 1326 577 1371 hic
605 1342 692 1389 ego
721 1325 782 1370 ad
797 1326 995 1389 januam
1023 1341 1307 1377 concessero.
1578 1317 1584 1323 ’
1646 1325 1650 1331 ’

580 1452 962 1502 SCENA
1049 1455 1151 1501 VI.

327 1577 739 1615 Et-JCLIO,
804 1576 1411 1614 STROBILUSz

677 1683 1051 1717 EUCLIO.

227 1735 313 1846 F
318 1811 339 1844 1
355 1811 432 1844 DE
449 1812 470 1844 Ι
509 1798 758 1844 censebam
799 1814 1078 1845 maxumam
1111 1798 1269 1844 multo
1297 1796 1454 1845 fidem·

226 1873 347 1919 Esse.
377 1889 428 1917 ea
455 1872 659 1918 sublevit
686 1888 735 1917 os
760 1871 879 1918 mihi
908 1871 1217 1933 paenissume.

228 1946 291 1991 Ni
322 1946 612 1993 subvenisset
646 1963 830 2004 corvos,
862 1946 1098 2008 periissem
1124 1945 1276 1991 miser.

229 2020 380 2068 Nimis
410 2021 566 2066 hercle
596 2038 684 2086 ego
720 2022 860 2068 illum
895 2037 1091 2069 corvom
1123 2019 1184 2066 ad
1212 2035 1292 2066 me
1322 2017 1506 2075 veniat,

481 2093 627 2139 velim
645 2128 659 2150 ‚

230 2157 334 2224 Qui
359 2157 592 2204 indicium
618 2158 758 2215 fecit,
788 2169 844 2205 ut
874 2176 961 2224 ego
988 2157 1056 2203 illi
1083 2156 1264 2218 aliquid
1292 2153 1410 2201 boni

231 2228 413 2274 Dicam.
447 2248 559 2276 nam
585 2232 720 2293 quod
750 2232 871 2292 edit,
900 2244 998 2278 tam
1030 2230 1195 2287 duim,
1212 2239 1370 2290 “quam
1396 2242 1504 2288 per-

488 2303 638 2350 duim.

231 2372 375 2419 Nunc
389 2407 402 2429 ‚
421 2374 514 2419 hoc
538 2376 625 2421 ubi
648 2376 919 2422 abstrudam
933 2409 946 2432 ‚
971 2375 1128 2438 cogito
1146 2369 1307 2419 solum’
1326 2372 1507 2421 locum*

231 2446 407 2494 Silvani
438 2448 573 2495 lucus
602 2460 731 2495 extra
757 2465 954 2495 murum
981 2449 1034 2494 'st
1061 2445 1188 2493 avius
1204 2479 1220 2504 ,
