1650 2826
243 205 335 250 440
564 188 1170 236 CAPTEIVEI.
1391 204 1513 253 v.51

242 296 338 346 Sed
366 298 553 344 malene
580 297 631 344 id
657 297 873 344 arbitrare
897 297 1114 344 factum?

718 401 752 434 H
788 402 817 435 E
856 402 887 435 G
925 400 946 433 I
986 401 1035 434 Ο.

1156 461 1388 509 Pessume.

613 548 645 582 T
684 549 718 581 Y
756 549 789 582 N
827 550 862 581 D
897 550 930 581 A
968 550 1000 583 R
1036 548 1072 582 U
1109 549 1147 583 S.

243 616 310 664 At
332 633 419 681 ego
443 617 516 680 ajo
544 626 670 661 recte
689 650 701 672 ,
733 615 819 675 qui
839 615 919 660 abs
947 627 995 661 te
1023 633 1228 663 seorsum
1252 621 1415 666 sentio.

245 689 603 752 Namgcogitato
618 723 630 745 ,
650 689 685 733 si
710 688 814 748 quis
834 688 925 733 hoc
944 700 1086 751 gnato
1113 700 1199 736 tuo

245 763 381 808 Tuus
406 777 559 806 servos
589 760 704 806 faxit
721 796 734 816 ,
756 762 947 821 qualem
980 762 1170 808 haberes
1194 764 1384 829 gratiani
1401 765 1423 810 Ξ)

247 834 586 889 Emitteresne‚
616 849 793 888 necne,
824 849 935 878 eum
961 849 1143 879 servom
1171 837 1351 882 manu?

247 906 441 952 Essetne
473 904 603 966 apud
629 916 676 951 te
704 905 739 951 is
760 921 912 952 servos
939 907 1332 969 acceptissumus?

247 977 514 1040 Responde.

629 1228 660 1261 T
696 1230 729 1262 Y
765 1230 798 1262 N
835 1230 869 1262 D
907 1229 941 1262 A
976 1230 1008 1263 R
1046 1229 1082 1263 U
1118 1231 1157 1265 S.

793 1296 890 1342 Cur
913 1314 1022 1362 ergo
1051 1298 1192 1346 iratus
1206 1299 1334 1346 “mihi
1357 1302 1434 1348 es?

730 1398 764 1430 H
800 1398 830 1430 E
869 1397 901 1429 G
936 1398 956 1430 1
994 1399 1041 1432 o.

253 1464 383 1535 Quia
409 1464 478 1510 illi
506 1463 663 1521 fuisti,
690 1481 837 1525 quam
868 1465 1017 1523 mihi,
1046 1466 1242 1514 fidelior.

626 1571 657 1604 T
693 1572 726 1604 Y
766 1573 798 1605 N
837 1573 872 1605 D
911 1573 946 1606 A
981 1573 1013 1606 R
1050 1573 1085 1605 U
1122 1573 1159 1606 S.

253 1636 426 1705 Quid?
461 1648 516 1683 tu
538 1654 634 1684 una
656 1651 798 1685 nocte
826 1640 1117 1702 postulavisti
1149 1651 1196 1686 et
1225 1640 1303 1686 die
1320 1674 1335 1698 ‚

246 1708 426 1756 Recens
442 1723 634 1773 captum
651 1714 898 1759 hominem
909 1749 921 1768 ,
937 1730 1176 1775 nuperum
1194 1725 1240 1760 et
1256 1715 1518 1773 novitium,

252 1781 326 1828 Te
354 1784 609 1844 perdocere
625 1821 639 1842 ,
665 1798 720 1832 ut
747 1787 914 1831 melius
940 1788 1233 1832 consulerem
1261 1788 1370 1846 tibi,

253 1855 417 1925 Quam
443 1857 534 1913 illi,
565 1859 763 1918 quicum
788 1877 884 1905 una
912 1878 938 1906 a
963 1878 1114 1922 puero
1137 1872 1337 1908 aetatem
1366 1878 1530 1926 exege-

504 1948 603 1977 ram
619 1933 640 1977 Ρ

740 2016 1050 2052 HEGIO.

250 2079 375 2143 Ergo
405 2080 465 2126 ab
493 2097 551 2128 eo
579 2083 732 2143 petito
762 2084 954 2147 gratiam
983 2085 1131 2132 istam.
1163 2086 1348 2144 ducite,

251 2153 348 2199 Ubi
383 2156 695 2216 ponderosas,
730 2174 888 2203 crassas
919 2159 1069 2219 capiat
1102 2159 1360 2220 conpedes,

252 2227 374 2272 Inde
396 2229 482 2274 ibis
508 2248 650 2292 porro
674 2231 723 2276 in
754 2232 962 2278 latomias
995 2232 1244 2293 lapidarias.

253 2298 328 2343 lbi
359 2316 511 2358 quom
545 2304 621 2348 alii
655 2314 853 2350 octonos
878 2305 1053 2365 lapides
1084 2303 1330 2350 effoderint
1348 2333 1366 2359 ,

253 2367 350 2414 Nisi
381 2372 643 2420 cotidianus
669 2375 943 2437 sesquiopus
967 2373 1246 2429 confeceris,

256 2440 629 2509 Sexcentoplago
660 2463 840 2493 nomen
863 2447 1055 2493 indetur
1085 2445 1185 2492 tibi.
