1650 2826
0 922 14 1148 ἑ

0 1154 10 1234 ὲ

0 1233 17 1682 ἒ

0 2259 34 2391 ξ

12 2631 52 2691 ᾗ

20 2694 37 2747 ἐ

91 171 268 256 v.25'
391 188 661 240 ACTUS
713 187 810 235 ιν.
858 182 961 233 sc.
1011 187 1048 232 1.
1274 202 1365 247 531

518 305 542 342 S
578 304 611 340 Τ
644 306 679 340 A
714 306 746 339 L
781 307 802 339 1
839 307 872 340 N
908 305 956 339 Ο.

286 369 466 417 Verum
491 367 655 414 modo.
838 381 842 386 ·

480 463 514 495 0
550 463 582 495 1.
618 462 654 495 Y
689 463 732 495 M
769 462 798 495 P
836 461 857 494 1
893 462 941 494 ο.

618 526 667 574 Si
696 538 752 573 tu
772 522 912 590 jubes
928 561 942 583 ,
966 525 1163 571 inibitur
1191 536 1368 573 tecum.

295 659 862 729 'ACTUs
959 672 1103 728 lv.

516 798 973 846 SCENAL·

416 926 1054 976 PAEDALISCA.

99 1003 203 1117 N
207 1080 270 1114 Ec
286 1067 373 1129 pol
390 1082 477 1130 ego
496 1065 703 1111 Nemeae
728 1064 869 1110 credo
882 1097 897 1121 ‚
916 1080 1078 1124 neque
1097 1080 1185 1129 ego
1201 1064 1374 1126 Olym-

353 1140 458 1201 piae
475 1173 490 1195 ,

100 1212 275 1273 Neque
303 1227 507 1272 usquam
527 1210 666 1256 ludos
694 1220 793 1255 tam
818 1207 1005 1255 festivos
1031 1211 1158 1269 fieri,

105 1287 271 1355 Quam
299 1285 378 1331 hic
410 1285 537 1330 intus
563 1284 689 1329 fiunt
710 1282 815 1328 ludi
838 1282 1144 1330 ludificabiles

106 1359 219 1404 Seni
243 1368 433 1414 nostro,
461 1368 510 1403 et
533 1367 695 1403 nostro
721 1356 1008 1418 Olympioni
1031 1358 1206 1403 villico.

107 1428 290 1475 Omnes
316 1428 536 1474 festinant
562 1429 689 1475 intus
715 1428 826 1474 totis
852 1428 1071 1475 aedibus:

108 1503 267 1551 Senex
290 1505 342 1549 in
368 1504 525 1550 culina
555 1505 750 1560 clamat,
783 1503 998 1549 hortatur
1020 1519 1185 1549 cocos:

105 1578 245 1648 Quin
269 1578 398 1641 agitis
428 1578 572 1624 hodie
586 1579 608 1624 Ρ
649 1580 770 1639 quin
797 1577 938 1635 datis,
970 1577 1006 1622 si
1036 1577 1157 1639 quid
1183 1576 1333 1622 datis?

108 1648 390 1708 Properate:
419 1664 616 1695 coenam
635 1650 736 1712 jam
764 1665 856 1694 esse
880 1659 1064 1694 coctam
1091 1648 1317 1709 oportuit.

112 1719 308 1766 Villicus
330 1719 407 1764 hic
428 1731 590 1766 autem
610 1737 724 1767 cum
746 1737 920 1767 corona
938 1755 952 1778 ,
977 1721 1176 1766 candide

108 1792 342 1848 Vestitus,
368 1793 523 1839 lautus
540 1826 555 1851 ‚
580 1806 928 1856 exornatusque
953 1795 1180 1840 ambulat.

109 1867 224 1912 Illae
253 1875 413 1910 autem
446 1865 497 1910 in
525 1867 747 1912 cubiculo
781 1868 1063 1930 armigerum
1098 1878 1296 1923 ornant,

112 1937 279 2006 Quem
309 1935 434 1982 dent'
452 1954 540 1998 pro
568 1938 730 1995 Casina
755 1950 967 1999 nuptum
993 1950 1162 1984 nostra.

114 2009 210 2056 Sed
235 2009 441 2055 nimium
470 2011 628 2071 lepide
659 2010 951 2057 dissimulant

113 2082 234 2127 Fore
256 2081 396 2144 hujus
416 2081 552 2161 quod
569 2082 787 2128 futurum
803 2083 870 2128 ’st.
894 2083 1034 2147 digne
1056 2093 1217 2128 autem
1239 2084 1384 2144 coqui

114 2153 267 2199 Nimis
282 2152 439 2214 lepide
456 2154 499 2198 ei
513 2155 579 2198 rei
598 2154 712 2200 dant
730 2171 950 2216 operam,
965 2172 1027 2200 ne
1045 2166 1213 2200 coenet
1229 2171 1382 2200 senex.

115 2224 256 2270 Aulas
279 2236 590 2285 pervortunt,
616 2225 778 2290 ignem
801 2226 1099 2290 restinguunt
1119 2242 1255 2286 aqua.

117 2298 312 2343 Illarum
339 2310 473 2344 oratu
499 2299 691 2346 faciunt.
722 2302 827 2346 illae
850 2312 1010 2348 autem
1033 2318 1194 2347 senem

120 2368 336 2447 Cupiunt
370 2371 616 2418 extrudere
652 2373 905 2419 incoenem
935 2388 996 2419 ex
1023 2373 1215 2419 aedibus
1231 2402 1246 2430 ,

120 2438 221 2484 Ut
209 2456 332 2501 lpsae
362 2445 486 2497 solae
517 2455 701 2491 ventres
733 2444 1001 2492 distendant
1027 2462 1146 2491 suos.

1079 2517 1119 2562 L
1137 2518 1154 2560 l
1174 2531 1198 2564 2
