1650 2826
113 170 242 216 v.34
385 146 671 197 ACTUS
724 145 854 194 ῙῙῙ.
909 144 1015 193 SC.
1066 146 1127 194 V.
1301 162 1396 210 439

114 262 278 323 Atque
307 259 372 305 ob
399 259 565 305 sutelas
593 268 695 304 tuas
727 265 775 302 te
806 254 951 301 morti
975 254 1144 300 misero
1164 285 1180 311 ‚

115 335 207 381 Vel
244 344 292 378 te
322 332 551 387 interisse,
580 329 657 376 vel
684 328 851 390 perisse
876 327 1149 389 praedicent
1166 361 1179 383 ‚

115 407 252 456 Dum
275 419 433 468 pereas
449 437 463 460 ,
481 402 602 448 nihil
632 400 856 446 interduo
874 435 888 457 ‚
920 399 1078 445 dicant
1108 399 1279 446 vivere.

498 495 529 529 T
565 495 599 528 Y
638 495 668 527 N
706 495 740 528 D
776 494 810 527 A
849 495 881 529 R
918 494 952 527 U
990 493 1027 527 S.

116 568 204 614 Pol
228 567 262 613 si
286 565 404 612 istuc
427 562 540 610 faxis
560 597 573 620 ,
602 562 731 610 haud
754 563 852 608 sine
882 579 1039 624 poena
1061 560 1247 620 feceris,

119 639 170 687 Si
188 640 266 686 ille
288 639 384 685 huc
406 637 579 684 redibit
596 670 610 692 ‚
634 636 753 681 sicut
770 635 962 682 confido
987 636 1142 684 affore.

319 728 1166 764 ARISTOPHONTES.

116 804 207 850 Pro
229 802 311 848 Dii
328 801 622 847 inmortales!
652 816 782 846 nunc
802 817 891 864 ego
912 812 1055 847 teneo
1075 835 1089 858 ‚
1109 816 1241 846 nunc
1261 800 1357 846 scio
1386 792 1390 795 Ἴ

116 877 252 947 Quid
281 877 337 922 sit
363 877 455 922 hoc
486 875 661 939 negoti.
689 892 822 920 meus
858 875 1023 920 sodalis
1046 876 1328 921 Philocrates

115 950 175 996 In
196 950 407 997 libertate
428 960 495 996 est
523 949 584 995 ad
610 960 817 1011 patrem,
840 948 891 994 in
916 949 1073 1010 patria.
1109 949 1235 995 bene
1263 958 1358 993 est:

117 1023 218 1069 Nec
235 1035 300 1068 est
320 1025 574 1084 quisquam
590 1023 709 1068 mihi
721 1057 734 1079 ,
749 1038 901 1084 aeque
917 1024 1084 1068 melius
1100 1023 1218 1083 quoi
1234 1022 1392 1068 velim.

118 1094 214 1142 Sed
234 1097 326 1142 hoc
352 1097 472 1141 mihi
497 1113 629 1159 aegre
654 1097 734 1152 'st,
752 1113 831 1141 me
858 1096 970 1142 huic
999 1095 1176 1142 dedisse
1200 1110 1393 1156 operam

242 1198 261 1221 0
375 1169 546 1212 malam
566 1202 580 1223 ‚

122 1240 224 1310 Qui
241 1256 370 1287 nunc
389 1253 583 1302 propter
600 1258 678 1287 me
694 1276 707 1298 ,
726 1258 930 1302 meaque
947 1243 1089 1289 verba
1104 1243 1289 1289 vinctus
1311 1250 1392 1286 est.

598 1335 632 1368 Η
667 1335 697 1367 E
734 1335 765 1367 G
802 1336 822 1366 1
860 1335 910 1368 o.
1134 1367 1146 1380 ,

123 1399 315 1447 Vetuin’
333 1412 381 1447 te
399 1400 668 1463 quidquam
686 1401 754 1445 mi
776 1400 920 1446 hodie
941 1399 1111 1451 falsum
1134 1401 1392 1462 proloqui?

479 1495 511 1528 T
547 1495 580 1528 Y
616 1496 650 1530 N
686 1496 722 1528 D
758 1496 793 1530 A
829 1496 862 1529 R
897 1496 932 1529 U
969 1495 1007 1529 S.

122 1552 338 1600 Vetuisti.

251 1642 255 1651 ’
604 1640 639 1673 H
675 1640 705 1673 E
742 1640 775 1675 G
810 1642 830 1675 1
867 1640 915 1674 Ο.

386 1705 482 1753 Cur
509 1725 554 1755 es
576 1726 711 1757 ausus
742 1710 934 1757 mentiri
959 1710 1114 1759 mihi?

510 1802 542 1835 T
581 1803 613 1836 Y
647 1804 681 1837 N
719 1804 754 1836 D
790 1803 823 1835 A
860 1806 893 1838 R
931 1803 964 1835 U
1003 1803 1040 1836 S.

130 1873 262 1942 Quia
290 1889 398 1919 vera
425 1875 639 1921 obessent
660 1877 729 1922 illi
743 1911 756 1934 ‚
778 1878 897 1938 quoi
917 1895 1109 1939 operam
1131 1879 1326 1927 dabam:

128 1944 270 1990 Nunc
303 1944 411 1990 falsa
434 1958 646 2006 prosunt.

605 2038 640 2071 H
673 2039 702 2070 E
741 2039 772 2072 G
809 2039 829 2071 I
867 2039 917 2072 O.

580 2105 645 2151 At
670 2106 756 2152 tibi
783 2107 1000 2176 oberurlt.

510 2199 1035 2236 TYNDARUS.

1177 2267 1312 2304 turne
1328 2259 1398 2305 ’st.

134 2320 198 2366 At
228 2323 397 2368 herum
429 2325 628 2383 servavi,
650 2341 798 2386 quem
819 2337 1052 2372 servatum
1071 2255 1254 2392 ggipdeo
1273 2350 1283 2375 :

141 2394 273 2462 Quoi
290 2414 367 2443 me
387 2399 634 2446 custodem
657 2399 898 2447 addiderat
919 2402 1055 2450 herus
1071 2405 1220 2467 major
1243 2422 1388 2451 meus.

1102 2477 1245 2539 Ee4
