1650 2826
277 183 339 245 96
588 182 1251 236 AMPHITRUQ
1430 187 1553 250 Ὧδε

614 306 652 340 A
687 305 729 338 M
766 307 793 340 P
831 307 864 340 H
901 308 990 358 1NT
1026 311 1058 343 R
1094 308 1129 341 U
1166 311 1214 344 o.

1052 378 1255 425 Bacchus
1280 392 1320 428 te
1339 383 1559 430 irritassit.

773 478 796 511 s
834 479 866 512 o
904 479 928 513 s
963 480 984 512 1
1019 481 1068 514 A.

234 559 236 561 '
270 549 366 625 Nec
394 549 618 596 Bacchum
652 550 833 597 salutem
858 551 998 601 hodie,
1024 571 1100 599 nec
1132 553 1337 603 Cererem.
1373 570 1423 604 tu
1446 576 1560 624 pur-

527 628 634 687 gari
650 629 846 692 jusseras

276 699 418 749 Vasa,
451 713 502 746 ut
530 718 619 746 rem
644 700 839 749 ,divinam
858 700 1035 764 faceres
1052 721 1066 746 :
1100 714 1144 750 et
1171 703 1283 750 lzur'zc
1310 722 1378 751 me
1414 723 1559 754 arcer-

524 787 654 820 sztum
683 787 843 824 mzttzsz

275 845 335 894 Ut
364 860 501 895 tecum
524 849 755 913 prandeat.

421 973 431 994 ‚
617 950 1216 985 AMPHITRUO.

463 1026 680 1090 Blepha'ro
694 1062 707 1073 ,
730 1025 987 1089 dispeream,
1006 1028 1046 1070 si
1064 1039 1142 1071 auc
1159 1029 1276 1072 intus
1293 1027 1432 1073 adhuc
1447 1026 1555 1092 fui.

266 1100 358 1146 Aac
376 1098 416 1145 si
434 1100 545 1145 hunc
563 1101 763 1144 niiserim.
800 1098 867 1144 dic
880 1135 895 1147 ,
915 1099 988 1144 ubi
1003 1115 1068 1144 me
1089 1100 1287 1162 liquisti?

762 1203 785 1237 S
821 1203 853 1236 Ο
891 1203 913 1236 S
950 1203 972 1235 I
1006 1202 1055 1235 A.

828 1274 967 1320 Domi
984 1291 1079 1319 cam
1102 1273 1338 1319 Alcumena
1358 1275 1549 1341 conjuge.

262 1353 357 1416 Ego
396 1371 423 1399 a
457 1365 496 1398 te
539 1352 680 1398 abiens
708 1362 882 1415 portum
927 1365 1074 1410 vorsus
1112 1347 1269 1397 volito,
1309 1347 1422 1395 hunc
1465 1350 1551 1394 tui-s

514 1426 650 1473 verbis
679 1441 792 1471 voco.

267 1501 486 1549 Venimmu
518 1516 595 1547 nec
619 1511 659 1544 te
684 1495 770 1544 nisi
794 1513 906 1542 nunc
929 1495 1047 1542 video
1069 1505 1232 1559 postea.

606 1595 1209 1634 AMPHITRUO.

810 1667 1044 1714 Scelestum
1063 1667 1224 1731 caput!
1254 1682 1349 1713 cum
1375 1660 1548 1712 uxore?

258 1746 507 1809 Numquam
533 1744 643 1791 abis,
668 1744 769 1806 quin
797 1741 984 1804 vapules.
1539 1727 1545 1737 ⁸

759 1845 781 1878 s
820 1844 852 1877 o
889 1818 925 1877 s'
948 1844 970 1876 1
1004 1843 1054 1876 A.
1107 1842 1113 1848 ·

628 1919 858 1984 Blepharo.

637 2017 667 2048 Β
703 2017 733 2048 L
768 2016 798 2048 Ε
833 2012 932 2047 ΡΗ
967 2012 1002 2046 Α
1036 2015 1070 2047 R
1106 2013 1153 2047 o.

668 2087 922 2153 Amphitruo
936 2122 950 2135 ,
977 2087 1103 2132 mitte
1120 2080 1231 2130 hunc
1248 2099 1342 2131 mea
1355 2084 1537 2145 gratia,

254 2164 315 2212 Et
340 2181 406 2211 me
433 2162 599 2210 audias.
948 2167 950 2170 '

595 2257 631 2289 A
666 2255 709 2288 M
745 2256 773 2289 Ρ
810 2254 844 2287 Η
881 2254 901 2286 1
938 2253 969 2285 T
1005 2253 1038 2286 R
1075 2251 1111 2284 U
1147 2247 1194 2284 0.

511 2329 578 2379 En
610 2332 762 2376 mitto.-
790 2327 894 2392 quid
915 2329 1007 2375 vis,
1035 2326 1210 2388 loquere.

640 2430 669 2462 Β
705 2430 735 2463 L
770 2429 801 2462 E
835 2429 864 2461 P
902 2427 938 2461 Η
970 2426 1005 2459 Α
1043 2427 1076 2458 R
1112 2424 1159 2456 ο.

1025 2493 1133 2538 Istic
1145 2489 1403 2558 jamdudum
1425 2483 1532 2533 milti
