1650 2826
240 205 354 280 [ἐφ
575 171 1210 265 izAc-cnmsss.
1404 224 1531 279 πῆ

672 354 702 388 Β
737 354 773 389 A
807 355 833 388 C
872 357 898 389 C
937 357 972 390 H
1007 357 1028 389 1
1065 356 1103 391 S.

736 427 874 497 Quid
888 428 1020 492 jam?

551 501 1248 563 PISTOCLE'RUS.

977 596 1105 665 Quia
1134 596 1262 642 enim
1284 596 1508 662 intellego
1521 633 1536 656 ,

259 675 397 723 Duae
420 687 578 719 unum
601 671 818 734 expetitis
843 672 1137 733 palumbem.
1160 673 1278 734 perii
1293 707 1306 730 ,
1331 674 1514 720 arundo

234 741 239 747 ’
513 746 603 807 ειΙειε,4
627 743 854 790 verberat.

260 821 374 871 Non
397 834 484 885 ego
508 820 625 865 istuc
650 818 828 865 facinus
854 817 994 875 mihi,
1014 818 1214 878 mulier,
1234 819 1537 879 conducibile

513 909 605 962 esge
629 893 840 939 arbitmr.

668 986 696 1019 Β
732 986 767 1019 Α
802 986 828 1018 c
865 985 892 1018 c
929 985 963 1018 H
998 985 1021 1018 1
1057 984 1095 1019 s.

253 1057 358 1128 Qui
371 1091 386 1116 ,
410 1055 578 1103 amabo
598 1052 620 1098 Ρ

548 1144 1243 1181 PISTOCLERUS.

531 1221 661 1292 Quia
675 1255 690 1279 ‚
713 1220 902 1268 Bacchis
919 1254 933 1278 ,
951 1220 1149 1266 Bacchas
1167 1235 1334 1267 metuo
1352 1233 1401 1268 et
1418 1221 1532 1269 Bac-

1070 1295 1235 1341 chanal
1251 1306 1406 1343 tuum.

462 1445 465 1447 Ι
681 1398 710 1430 Β
745 1396 779 1430 Α
814 1398 842 1431 c
877 1398 903 1430 c
940 1397 974 1430 H
1009 1397 1030 1430 1
1066 1397 1104 1431 s.

256 1470 394 1542 Quid
424 1482 517 1526 est,
545 1467 683 1529 quod
702 1466 874 1512 metuis
891 1466 913 1510 ?
945 1482 1006 1512 ne
1026 1466 1116 1512 tibi
1138 1466 1286 1514 lectus
1307 1468 1534 1515 malitiam
1567 1479 1587 1501 ⁸

507 1542 639 1604 apud
672 1557 751 1587 me
785 1538 1014 1587 suadeat?

551 1639 1247 1677 PISTOCLERUS.

254 1711 403 1776 Magis
418 1711 651 1758 inlectum
668 1715 812 1755 tuum
831 1725 979 1770 quam
997 1710 1178 1756 lectum
1193 1719 1375 1757 metuo.
1409 1713 1531 1758 mala

515 1796 572 1831 tu
597 1801 643 1830 es
675 1784 834 1830 bestia.

251 1868 376 1916 Nam
400 1868 514 1914 huic
545 1866 684 1912 aetati
703 1881 808 1912 non
834 1865 1085 1923 conducit,
1110 1865 1311 1925 mulier,
1328 1864 1531 1914 latebro-

350 1941 355 1944 ’
505 1956 582 1987 sus
614 1940 761 1986 locus.
1040 1948 1042 1950 ’

668 2041 1094 2077 B-ACCHIS.

1640 1588 1647 1620 !

247 2119 454 2185 Egomet
471 2154 486 2179 ‚
505 2119 636 2182 apud
666 2137 744 2166 me
773 2120 810 2165 si
837 2121 957 2182 quid
987 2099 1130 2168 stulte
1159 2119 1307 2168 facere
1333 2120 1489 2181 cupias
1509 2154 1524 2178 ‚

504 2193 798 2256 prohibeam⁶

249 2268 346 2317 Sed
366 2286 452 2335 ego
470 2271 601 2333 apud
618 2287 695 2316 me
710 2282 758 2317 te
774 2288 866 2317 esse
886 2272 951 2319 ob
966 2290 1069 2320 eam
1083 2289 1183 2319 rem
1196 2305 1210 2330 ,
1222 2270 1355 2317 Miles
1371 2286 1523 2332 quom

503 2342 662 2388 veniat
676 2376 690 2400 ,
707 2344 820 2389 volo
842 2362 851 2388 ε

248 2419 405 2490 Quia,
425 2438 585 2501 quom.
600 2434 655 2469 tu
674 2425 841 2481 aderis,
869 2425 981 2472 huic
1003 2426 1218 2488 mihique
1240 2429 1371 2476 haud
1387 2429 1523 2478 faciet

505 2502 758 2555 qulsq'uam
781 2496 1013 2561 injuriam.
