1650 2826
245 176 335 223 332
565 159 1198 209 BACCHIDES.
1393 181 1525 226 V·¹3

526 282 1230 318 PISTOCLERUS.

660 349 726 396 At
754 350 863 396 scin'
889 367 1037 411 quam
1064 349 1314 398 iracundus
1339 352 1454 399 siem
1470 353 1494 399 Ξ)

241 427 343 475 Nae
366 425 453 472 tibi
478 425 634 471 hercle
661 424 791 470 haud
812 425 954 487 longe
981 434 1049 470 est
1077 441 1128 470 os
1155 424 1216 471 ab
1239 424 1524 484 infortunio,

241 501 315 547 Ita
337 497 735 562 dentifrangibula
761 497 877 543 haec
906 496 1020 543 meis
1049 497 1270 543 manibus
1293 499 1513 562 gestiunt.

597 598 1173 634 PARASITUS.

245 670 414 740 Quom
451 685 539 733 ego
573 669 715 732 hujus
747 667 891 715 verba
922 668 1231 735 interpretor,
1263 667 1383 713 mihi
1416 684 1524 714 cau-

495 752 564 787 t1o
596 753 689 798 est,

241 816 317 862 Ne
337 814 714 880 nucifrangibula
739 814 938 860 excussit
966 829 1026 858 ex
1050 813 1179 859 malis
1203 814 1331 859 meis.

242 888 355 935 Tuo
383 903 471 952 ego
494 888 632 933 istaec
654 886 796 951 igitur
825 885 980 932 dicam
1009 883 1076 929 illi
1101 884 1330 946 periculo.

535 978 1234 1014 PISTOCLERUS.

243 1049 585 1119 Quidaistu?
1042 1084 1053 1091 .

595 1135 624 1168 P
661 1133 758 1167 AR
794 1131 828 1165 A
865 1133 887 1166 S
926 1132 947 1165 1
984 1132 1015 1164 T
1053 1131 1088 1164 U
1126 1132 1168 1166 S·

596 1202 698 1265 Ego
724 1200 843 1246 istuc
871 1198 939 1243 illi
966 1197 1134 1245 dicam.

531 1291 1236 1330 PISTOCLERUS.

1193 1350 1455 1407 Dicmihi,

240 1420 444 1492 Quistu
472 1419 560 1466 es?

596 1498 625 1531 P
667 1495 702 1530 A
737 1498 769 1530 R
805 1494 840 1528 A
877 1494 899 1528 s
937 1494 1026 1539 11
1062 1492 1098 1525 U
1136 1492 1176 1527 s.

596 1566 727 1611 Illius
746 1580 853 1611 sum
875 1563 1265 1626 integumentum
1285 1560 1503 1623 corporis.

531 1655 1234 1693 PISTOCLERUS.

240 1727 466 1788 Nequam
502 1744 594 1773 esse
634 1736 825 1788 oportet
848 1759 863 1782 ‚
896 1723 1014 1785 quoi
1046 1734 1102 1770 tu
1132 1723 1519 1787 integumentum

493 1799 723 1861 inprobus
748 1815 807 1844 es.
854 1794 858 1795 ⁷

587 1889 1164 1927 PARASITUS.

239 1960 457 2010 Sufflatus
482 1962 562 2008 ille
591 1963 688 2009 huc
711 1961 886 2008 veniet.

525 2049 1232 2090 PISTOCLERUS.

904 2130 1171 2191 Diruptum
1197 2127 1353 2175 velim}

592 2225 622 2258 P
659 2223 694 2260 A
729 2225 762 2258 R
795 2223 831 2257 A
868 2224 891 2258 S
929 2223 951 2257 I
987 2223 1019 2258 T
1056 2222 1092 2255 U
1129 2222 1168 2257 S.

238 2288 373 2336 Num
402 2292 522 2353 quid
553 2293 620 2339 vis
640 2293 663 2338 Ρ

533 2371 1230 2410 PISTOCLERUS.

678 2437 828 2484 Abeas
856 2437 1075 2490 celeriter.
1104 2433 1227 2480 facto
1255 2445 1320 2480 est
1348 2448 1479 2494 opus.

1635 1564 1650 1643 ὲ

1642 1646 1650 1672 1

1624 1673 1650 1806 i}
