1650 2826
226 203 313 264 198
422 197 734 246 ASINARIA.
768 196 973 244 ACTUS
1007 199 1066 245 v.
1101 199 1186 246 sc.
1221 201 1284 248 11.
1379 205 1505 266 v.89

581 321 609 353 Ρ
646 319 680 352 Η
716 320 735 354 1
772 320 802 352 L
838 319 867 352 Ε
903 321 935 352 N
973 320 993 352 1
1032 321 1066 354 U
1103 322 1161 355 M.

222 390 297 438 De
323 390 445 453 palla
474 399 721 435 memento
741 422 754 446 ‚
782 389 966 435 amabo.

531 481 565 514 D
601 480 630 512 E
668 480 711 513 M
746 480 782 513 A
816 480 846 513 E
882 481 915 512 N
951 481 981 515 E
1019 481 1049 513 T
1087 480 1123 513 U
1159 480 1198 514 S.

715 549 890 608 juben’
906 585 918 607 ‚
943 550 1065 596 hanc
1094 551 1207 597 hinc
1230 550 1511 598 abscedere?

576 645 604 683 P
642 650 676 684 H
715 651 735 682 Ι
772 650 803 683 L
840 651 869 684 E
907 652 938 684 N
975 652 995 684 1
1034 651 1068 684 U
1104 651 1162 684 M.

228 718 387 765 Immo
411 720 538 766 intus
559 721 742 782 potius:
769 737 964 782 sequere
986 720 1073 768 hac
1092 739 1198 780 me,
1215 723 1284 768 mi
1300 722 1470 774 anime.

524 810 1189 871 D'EMAEINETUS.

1068 888 1170 952 Ego
1194 904 1309 936 vero
1329 905 1519 953 sequor.

608 983 1152 1021 ARTEMONA.

230 1045 499 1093 Idomum.

578 1121 1166 1171 PHILENtuM.

458 1190 535 1240 Da
557 1192 738 1238 savium
766 1192 909 1254 etiam
938 1191 1067 1253 pflus
1093 1205 1242 1253 quam
1273 1189 1386 1235 abisx

538 1259 1208 1325 DEMAENETUS.

1191 1360 1215 1408 1
1242 1360 1293 1406 in
1317 1376 1522 1408 crucem*

759 1514 806 1561 G
836 1513 880 1561 R
912 1514 952 1560 E
985 1506 1048 1562 X.

238 1579 352 1694 H
364 1660 385 1693 1
399 1658 428 1694 c
457 1662 622 1704 senex,
647 1646 682 1692 si
703 1640 824 1707 quid
836 1681 849 1704 ‚
868 1647 990 1692 clam
1011 1660 1228 1702 uxorem,
1253 1661 1342 1690 suo
1361 1645 1526 1690 animo

496 1721 607 1768 fecit
637 1721 801 1782 volup'
825 1756 838 1778 ‚
1378 1759 1382 1762 .

243 1794 418 1856 Neque
447 1808 661 1851 novom,
698 1805 860 1854 neque
891 1794 1069 1839 mirum
1092 1792 1211 1839 fecit
1228 1827 1242 1850 ‚
1276 1799 1365 1841 nec
1397 1798 1530 1838 sec-us

499 1881 647 1927 quam
677 1865 754 1911 alii
777 1866 942 1910 solent.

246 1938 347 1985 Nec
388 1937 644 2000 quisquam
676 1938 730 1983 ’st
761 1948 860 1983 tam
892 1937 1086 2002 ingenio
1119 1933 1240 1985 duro
1260 1972 1275 1996 ,
1304 1954 1392 1986 nec
1427 1948 1526 1985 tam

519 2011 658 2057 firmo
679 2016 896 2072 pectore,

247 2085 386 2153 Quin
425 2083 512 2130 ubi
555 2083 826 2145 quidquam
868 2083 1122 2130 occasionis
1153 2083 1238 2141 sit,
1274 2083 1362 2130 sibi
1391 2081 1525 2129 faciat

499 2158 638 2204 bene.

248 2228 295 2275 N
302 2246 394 2276 unc
417 2233 453 2278 si
475 2233 615 2279 voltis
646 2232 883 2294 deprecari
908 2231 1020 2277 hu'ic
1053 2230 1152 2275 seni
1176 2245 1237 2277 ne
1259 2226 1482 2287 vapulet,

249 2301 428 2351 Remur
442 2306 665 2369 inpetrari
677 2323 829 2369 posse,
844 2306 879 2352 si
893 2306 1115 2368 plausum
1127 2303 1188 2349 sic
1205 2302 1381 2348 clarum
1396 2297 1528 2344 datis&

640 2523 1122 2537 ——m
