1650 2826
111 176 238 220 ω.
388 153 672 206 Λατυε
717 151 819 202 1v.
868 141 977 200 sc.
1026 125 1128 201 ix.
1293 156 1384 216 36⁵

458 279 495 313 N
528 277 550 312 1
585 276 613 310 c
648 275 682 310 o
717 254 746 308 ι’
781 272 818 307 u
853 273 885 307 1.
920 273 957 306 u
993 273 1032 307 s.

446 351 511 398 At
535 349 664 397 enim
691 348 769 406 id,
789 346 928 410 quod
955 357 1004 394 te
1031 345 1217 411 jubeo,
1243 347 1389 395 facias.

467 452 496 486 c
531 451 565 485 Η
601 451 634 484 R
669 450 704 483 Y
740 448 763 483 s
799 449 833 482 A
870 449 901 483 1.
933 448 968 482 u
1007 447 1045 482 s.

109 536 389 600 Justum’st,
417 546 528 582 tuus
555 533 645 581 tibi
673 549 826 579 servos
856 542 943 578 tuo
966 531 1189 578 arbitratu
1211 530 1387 577 serviat.

458 640 491 673 Ν
531 639 550 672 1
586 638 614 671 c
649 637 682 671 ο
718 636 747 669 Β
781 634 818 668 U
852 634 884 668 1.
921 633 956 667 U
994 633 1031 668 3.

111 707 220 756 Hoc
246 723 330 772 age
350 706 405 752 sis
419 706 520 770 jam
547 718 691 749 nunc.

453 801 480 833 C
516 799 550 832 H
586 800 618 832 R
654 797 688 830 Y
726 796 747 831 S
785 796 820 829 A
855 796 886 829 L
920 795 957 829 U
993 794 1031 829 S.

464 871 560 918 Ubi
591 864 755 930 lubet,
788 871 954 918 recita:
986 871 1174 918 aurium
1198 889 1389 935 operam

1052 945 1141 992 tibi
1170 947 1291 995 dico.

466 1046 500 1080 R
535 1047 555 1079 1
593 1047 620 1080 c
657 1045 690 1080 0
725 1046 754 1079 Β
790 1045 826 1079 u
859 1046 891 1079 1.
929 1046 964 1080 u
1001 1047 1039 1081 s.

118 1122 260 1169 Cerae
279 1122 476 1183 quidem
498 1123 628 1168 haud
647 1123 803 1183 parsit,
822 1139 984 1185 neque
1002 1125 1107 1172 stilo
1123 1144 1134 1176 ;
1155 1125 1237 1173 sed
1253 1127 1393 1189 quid-

372 1193 494 1254 quid
523 1205 589 1239 est
605 1228 618 1250 ,
642 1196 877 1259 perlegere
900 1209 1083 1248 certum
1100 1199 1166 1244 ’st.

114 1266 250 1311 Pater
281 1265 509 1311 ducentos
536 1266 777 1327 Philippos
806 1283 979 1327 quaeso
1006 1270 1229 1332 Chrysalo

119 1337 195 1384 Da
209 1372 223 1394 ,
241 1337 278 1382 si
299 1354 390 1383 esse
418 1339 597 1383 salvom
615 1338 684 1384 vis
705 1356 783 1385 me
799 1374 812 1396 ,
835 1352 918 1387 aut
943 1342 1137 1389 vitalem
1159 1345 1260 1391 tibi.

466 1442 493 1474 c
530 1441 563 1473 Η
599 1443 632 1475 R
667 1443 701 1474 Y
738 1443 760 1476 s
796 1443 831 1476 A
864 1444 895 1477 L
932 1444 968 1476 U
1002 1445 1041 1478 s.

119 1519 304 1565 Malum
338 1515 538 1578 quidem
569 1515 725 1561 hercle
746 1533 1004 1581 magnum,
1025 1518 1116 1565 tibi
1142 1518 1265 1565 dico.

467 1615 502 1649 N
535 1615 557 1648 1
591 1617 618 1649 C
655 1616 687 1649 Ο
723 1616 752 1648 Β
790 1615 824 1649 U
860 1617 890 1650 L
927 1617 963 1650 U
999 1617 1037 1651 S.

1129 1678 1267 1748 Quid
1291 1688 1358 1724 est
1373 1679 1397 1724 Ξ)

459 1761 486 1793 C
521 1760 556 1793 H
591 1761 625 1794 R
659 1762 694 1794 Y
726 1762 748 1795 S
786 1761 822 1795 A
855 1762 887 1795 L
922 1761 958 1794 U
995 1762 1033 1796 S.

121 1838 233 1884 Non
261 1836 389 1899 prius
414 1838 611 1883 salutem
639 1831 815 1886 scribsit
831 1840 854 1885 Ξ)

472 1939 506 1973 N
541 1939 562 1972 I
598 1940 625 1972 C
662 1942 693 1974 Ο
728 1942 756 1974 Β
794 1942 829 1975 U
865 1941 894 1974 L
932 1942 967 1974 U
1003 1941 1041 1975 S.

949 2016 1198 2077 Nusquam
1232 2019 1394 2064 sentio.

460 2113 488 2145 c
526 2113 559 2145 Η
596 2114 628 2146 R
663 2112 698 2144 Y
734 2111 756 2144 3
793 2112 828 2143 A
863 2111 893 2143 L
932 2110 965 2142 U
1003 2111 1040 2142 3.

126 2187 239 2233 Non
263 2186 412 2244 dabis,
433 2187 467 2232 si
485 2187 626 2248 sapies
644 2206 656 2238 ;
679 2204 844 2233 verum
865 2186 900 2231 si
919 2186 997 2231 das
1015 2203 1265 2246 maxume,

124 2260 224 2306 Nae
250 2262 328 2306 ille
351 2262 493 2306 alium
520 2263 737 2325 gerulum
768 2272 990 2322 quaerat,
1018 2261 1053 2306 si
1080 2262 1223 2323 sapiet
1239 2297 1252 2318 ,
1277 2263 1393 2308 sibi:

123 2333 245 2379 Nam
273 2351 358 2397 ego
378 2351 473 2380 non
509 2338 682 2380 {murus
710 2351 840 2390 sum,
870 2334 905 2378 si
930 2333 1096 2397 jubeas
1121 2346 1358 2381 maxume.

124 2405 205 2454 Sat
232 2408 294 2454 sic
320 2425 555 2480 suspeuus
584 2423 689 2456 sum
706 2442 721 2466 ‚
754 2424 907 2472 quom
934 2424 1065 2455 careo
1095 2409 1248 2454 noxia.

0 1934 15 1994 ’.ι-χ
0 1894 13 1913 μ
0 1842 9 1876 «κ-

0 2314 7 2323 ’
0 2293 10 2306 ³
0 2238 20 2285 ‘qa-‚⁴
0 2171 15 2233 :st-⁶
0 2154 17 2165 ff·
0 2022 20 2148 tvvm-7·
0 1991 13 2018 ⁷-
