1650 2826
220 210 327 271 998-
524 203 1210 255 BACCHIDES.'
1372 222 1518 266 var*

215 315 324 362 Tua
353 312 596 376 disciplina
616 330 705 362 nec
732 314 851 362 mihi
881 314 1104 377 prodest,
1137 329 1226 363 nec
1255 313 1358 362 tibi.

693 414 725 448 L
762 416 795 448 Y
831 417 866 449 D
903 416 938 449 U
976 414 1014 449 S.

217 488 266 536 O
296 487 603 552 praeligatum
627 498 792 548 pectus
816 489 826 533 !

185 571 189 576 '
511 581 1208 619 PlsT‘ocLERus.

836 653 1042 699 Odiosus
1066 653 1186 699 mihi
1207 667 1266 699 es,

219 724 369 782 Tace,
400 734 546 785 atque
572 739 767 786 sequere
786 760 799 782 ‚
825 725 960 787 Lyde
977 760 990 782 ,
1019 742 1112 771 me.

684 793 732 849 'L
771 817 805 850 Y
840 818 876 850 D
914 816 948 849 u
985 816 1025 850 s.

1142 875 1263 920 Illuc
1286 875 1340 920 Sis
1358 874 1499 933 vide,

220 948 334 994 Non
364 948 692 1012 paedagogum
712 948 813 1011 jam
839 964 919 994 me
937 982 950 1005 ,
969 948 1051 994 sed
1075 948 1271 1011 Lydum
1298 959 1450 995 vocat.

516 1044 1211 1079 PISTOCLERUS.

220 1115 334 1161 Non
360 1132 443 1177 par
464 1114 682 1170 videtur,
710 1129 870 1174 neque
896 1114 953 1159 sit
979 1124 1351 1159 consentaneum
1367 1146 1382 1169 ‚

223 1188 394 1257 Quom
415 1187 554 1232 herus
573 1186 650 1231 hic
667 1186 794 1231 intus
813 1186 871 1231 sit
883 1220 897 1243 ‚
919 1196 966 1231 et
984 1202 1096 1231 cum
1115 1185 1262 1231 amica
1277 1184 1507 1241 accubet‚·

225 1261 494 1330 Quomque
520 1259 757 1304 osculetur
772 1293 785 1315 ,
815 1269 862 1304 et
879 1258 1107 1305 convivae
1129 1258 1204 1304 alii
1227 1257 1486 1314 accubent,

222 1332 546 1380 Praesentibus
580 1332 668 1377 illis
697 1331 996 1397 paedagogus
1026 1338 1124 1378 una
1148 1342 1204 1377 ut
1231 1330 1329 1377 siet.

413 1402 417 1407 Δ
699 1433 730 1465 L
765 1433 802 1465 Y
835 1434 872 1466 1)
909 1432 945 1465 U
981 1432 1019 1467 s.

222 1501 305 1548 An
329 1502 422 1548 hoc
443 1500 505 1547 ad
528 1517 599 1546 eas
625 1517 693 1547 res
714 1499 1001 1546 obsonatum
1021 1499 1100 1558 ’st‚
1125 1498 1352 1546 obsecro?

526 1602 1222 1640 PISTOCLERUS.

229 1681 392 1745 Sperat
429 1681 630 1745 quidem
669 1682 885 1728 animus:
919 1696 1021 1743 quo
1063 1678 1275 1737 eveniat,
1314 1676 1415 1724 Diis
1458 1675 1508 1720 in
1559 1724 1564 1726 ‚

479 1772 627 1809 manu
645 1756 712 1802 ’st.

694 1849 727 1882 L
760 1849 796 1882 Y
830 1850 866 1882 D
902 1850 938 1883 U
977 1849 1016 1883 S.

229 1912 311 1969 'I'u
336 1915 535 1963 amicam
558 1916 787 1964 habebis?

519 2008 1215 2047 PISTOCLERUS.

818 2077 989 2148 Quom
1015 2076 1221 2133 videbis,
1252 2086 1360 2121 tum
1384 2073 1510 2133 scies·-

712 2173 743 2216 1,
778 2172 812 2205 Y
850 2173 885 2205 D
920 2172 955 2204 U
993 2171 1030 2204 s.

233 2237 393 2285 Immo
429 2256 589 2301 neque
614 2242 807 2288 habebis
824 2276 839 2299 ,
867 2257 955 2289 nec
979 2242 1156 2288 sinam:
1195 2241 1214 2286 i
1239 2250 1294 2285 tu
1322 2251 1508 2283 rursum

488 2313 703 2361 domum.

529 2404 1216 2442 PISTOCLERUS.

238 2471 423 2525 Omitte
440 2507 453 2529 ‚
485 2473 620 2535 Lyde
640 2509 653 2531 ‚
684 2493 735 2522 ac
762 2493 873 2523 cave
898 2478 1037 2522 malo.
