1650 2826
253 225 348 272 304
561 201 1193 252 BAccHIDEs.
1399 219 1534 267 v.41·

252 320 407 394 Quod
434 335 582 376 ames,
609 328 826 380 paratum
842 318 920 364 ’stz
951 316 1089 378 quod
1125 316 1204 363 des
1223 317 1458 375 ,invento
1481 319 1537 365 ’st

512 409 644 454 opua

251 467 378 515 Nam
405 466 521 512 istoc
553 465 739 512 fortasse
770 481 939 511 aurum
971 476 1037 511 est
1071 482 1206 527 opus,

544 554 1240 590 PISTocLERUS.

1041 621 1291 684 Philippeo
1317 621 1534 683 quidem.

604 719 632 751 c
667 717 701 750 H
738 717 771 750 R
805 717 839 749 Y
877 715 899 749 s
935 714 969 748 A
1004 715 1034 748 L
1071 715 1105 748 U
1143 715 1179 749 s.

254 789 417 851 Atque
451 804 507 834 eo
534 785 721 832 fortasse
748 785 847 848 jam
882 801 981 847 opu
1015 785 1083 829 ’st.

547 880 576 913 P
611 879 630 910 1
669 877 690 911 S
729 876 759 909 T
796 876 827 909 O
865 876 891 908 C
928 876 959 909 L
995 876 1024 909 E
1061 877 1092 908 R
1131 875 1166 908 U
1203 874 1240 909 S.
1430 922 1438 929 ·

654 937 659 941 ⁴
1043 943 1199 989 Immo
1228 942 1370 990 etiam
1393 945 1534 1007 prius.

254 1024 379 1071 Nam
397 1022 499 1086 jam
526 1020 622 1066 huc
645 1017 865 1064 adveniet
893 1018 1041 1063 Miles.

610 1110 637 1142 C
674 1109 707 1142 H
745 1111 778 1144 R
814 1111 847 1142 Y
884 1111 905 1143 S
944 1110 978 1142 A
1013 1110 1042 1143 L
1081 1110 1116 1143 U
1156 1110 1208 1144 S.>

1055 1177 1116 1222 Et
1144 1178 1276 1223 miles
1305 1179 1535 1239 quidem!

552 1269 581 1302 P
618 1269 638 1301 I
675 1268 696 1301 S
734 1269 764 1301 T
802 1269 832 1302 Ο
871 1268 897 1300 C
933 1268 963 1302 L
999 1269 1029 1301 E
1066 1270 1098 1302 R
1135 1269 1170 1302 U
1207 1270 1244 1303 S.
1302 1274 1317 1295 ¹¹

255 1343 357 1414 Qui
380 1340 438 1387 de
456 1340 718 1388 amittenda
738 1340 967 1386 Bacchide
991 1357 1160 1387 aurum
1186 1342 1262 1387 hic
1290 1343 1446 1407 exigit.

601 1439 627 1470 C
665 1436 698 1468 H
734 1437 766 1469 R
804 1436 835 1468 Y
874 1435 895 1468 S
933 1435 967 1467 A
1002 1436 1031 1468 L
1071 1436 1106 1468 U
1141 1436 1207 1470 ss

254 1510 428 1557 Veniat
449 1505 645 1569 quando
663 1506 766 1550 volt
779 1539 792 1562 ‚
813 1511 957 1565 atque
979 1505 1042 1550 ita
1067 1521 1129 1551 ne
1151 1506 1269 1551 mihi
1286 1507 1343 1552 sit
1362 1524 1534 1555 morae.

253 1584 404 1631 Domi
423 1593 510 1628 est:
537 1596 637 1625 non
655 1590 820 1626 metuo
836 1612 848 1634 ,
869 1595 956 1624 nec
981 1579 1247 1639 quoiquam
1265 1582 1478 1642 supplico
1496 1617 1510 1639 ,

255 1656 392 1703 Dum
417 1653 615 1715 quidem
645 1652 736 1696 hoc
758 1651 932 1697 valebit
950 1663 1113 1713 pectus
1137 1653 1332 1713 perfidia
1355 1672 1533 1702 meum.

253 1730 349 1776 Abi
381 1731 534 1784 intro⁷
557 1743 643 1790 ego
668 1727 744 1772 hic
774 1727 962 1772 curabo.
995 1737 1047 1771 tu
1074 1727 1199 1773 intus
1226 1727 1372 1773 dicito

252 1802 607 1848 Mnesilochum
633 1799 786 1844 adesse
813 1798 1044 1844 Bacchidi.

551 1897 1244 1931 PISTOCLERUS.

1071 1958 1255 2004 Faciam
1269 1993 1283 2016 ,
1307 1969 1363 2004 ut
1378 1958 1531 2023 jubes-

615 2044 641 2076 c
678 2043 712 2076 Η
749 2044 780 2076 R
818 2044 850 2075 Y
888 2043 909 2076 s
946 2044 981 2076 A
1015 2044 1044 2076 L
1082 2043 1117 2076 U
1155 2045 1193 2078 s.

254 2107 515 2173 Negotium
539 2111 632 2155 hoc
655 2110 714 2155 ad
737 2128 815 2156 me
840 2111 1007 2156 attinet
1030 2111 1276 2157 aurarium.

254 2180 388 2227 Mille
420 2194 467 2228 et
508 2183 736 2228 ducentos
766 2184 1008 2244 Philippos
1037 2185 1279 2229 attulimus
1306 2199 1468 2229 aureos

252 2253 469 2313 Epheso,
501 2273 621 2315 quos
651 2258 820 2318 hospes
845 2257 1012 2302 debuit
1040 2268 1199 2302 nostro
1226 2257 1335 2304 seni.

254 2325 377 2370 Inde
396 2344 481 2389 ego
504 2329 646 2374 hodie
667 2330 873 2389 aliquam
893 2331 1195 2375 machinabor
1212 2327 1475 2374 machinam
1489 2362 1506 2386 ‚

255 2397 394 2443 Unde
419 2415 585 2444 aurum
618 2402 810 2446 efficiam
834 2402 1007 2446 amanti
1032 2400 1162 2444 herili
1187 2399 1296 2443 filio.

257 2468 350 2515 Sed
372 2470 478 2516 foris
512 2475 787 2534 concrepuit
810 2486 986 2520 nostra:
1021 2473 1218 2534 quinam
1251 2472 1346 2518 exit
1374 2473 1527 2519 foras?
