1650 2826
208 141 296 187 ηδ
510 139 1101 213 'fx-SINARIA.
1325 166 1477 200 v.102

502 258 1172 298 DEMAENETUS.

201 334 376 382 Audin’
405 336 491 383 tu?
522 339 655 399 apud
681 339 1000 388 Archibulum
1041 359 1128 408 ego
1165 360 1244 391 ero
1274 356 1494 411 argenta-·

459 410 599 457 rium.

620 495 651 529 L
687 496 715 529 1.
744 497 773 529 Β
808 497 843 530 A
878 497 911 530 N
948 497 983 531 U
1020 497 1059 531 S.

200 562 386 624 Nempe
415 564 466 609 in
493 563 639 611 foro?

466 659 1188 701 *DEMAENETUS.

565 737 652 783 Ibi.
683 738 719 782 si
744 739 864 798 quid
889 754 1009 801 opus
1030 740 1183 790 fuerit.

623 836 654 869 1.
689 836 712 869 1
746 837 775 869 B
812 837 847 870 A
883 838 916 870 N
954 837 988 869 u
1027 837 1064 870 s.
1169 827 1172 830 ’

1192 888 1471 938 Meminero.

500 973 537 1006 D
573 972 602 1004 Ε
639 973 683 1006 Μ
723 973 756 1005 A
792 973 822 1005 E
858 973 891 1005 N
930 973 959 1005 E
996 974 1027 1006 T
1064 974 1098 1007 U
1137 974 1174 1008 s.

197 1038 311 1085 Non
345 1055 438 1086 esse
467 1056 619 1087 servos
645 1043 778 1105 pejor
807 1042 898 1087 hoc
928 1042 1185 1102 quisquam
1209 1054 1366 1104 potest
1386 1078 1401 1100 ‚

142 1130 144 1132 ·
198 1110 300 1158 Nec
321 1113 463 1177 magis
486 1125 729 1170 vorsutus,
752 1128 844 1159 nec
867 1122 968 1174 quo
995 1112 1055 1159 ab
1080 1130 1236 1160 caveas
1259 1115 1448 1178 aegrius

196 1172 367 1230 Eidem
389 1185 602 1241 homini,
627 1185 661 1229 si
690 1184 811 1266 quid.
835 1194 960 1229 recte
988 1196 1207 1231 curatum
1238 1186 1382 1243 velis,

200 1257 421 1303 Mandes·
446 1257 609 1304 moriri
631 1273 725 1302 sese
747 1258 912 1303 misere
938 1258 1148 1303 mavolet
1162 1292 1176 1315 ,

201 1330 365 1397 Quam
391 1347 492 1377 non
519 1330 784 1392 perfectum
807 1331 975 1378 reddat
1002 1331 1139 1392 quod
1163 1331 1441 1392 promiserit.

200 1401 323 1447 Nam
352 1420 440 1466 ego
470 1402 591 1448 illud
614 1416 862 1466 argentum
891 1413 989 1448 tam
1010 1415 1232 1464 -paratum
1262 1403 1360 1448 filio

200 1473 307 1520 Scio
331 1492 422 1520 esse
440 1509 452 1532 ‚
477 1491 623 1535 quarn
653 1491 732 1519 me
763 1475 892 1520 hunc
916 1474 1175 1536 scipionem
1204 1475 1382 1521 contui.

201 1546 297 1609 Sed
328 1549 450 1609 quid
492 1565 579 1612 ego
617 1564 740 1594 cesso
786 1549 852 1594 ire
888 1548 950 1595 ad
990 1548 1149 1595 forum
1170 1583 1185 1607 ,
1217 1564 1317 1609 quo
1354 1547 1481 1593 ince—

454 1638 617 1683 peram
634 1623 655 1666 ?

204 1693 293 1742 Ibo
325 1694 444 1741 adeo
461 1729 475 1752 ,
504 1706 650 1756 atque
675 1694 745 1741 ibi
766 1694 974 1741 manebo
1001 1694 1132 1757 apud
1157 1694 1481 1760 argentarium.

600 1846 922 1920 SCENA
988 1847 1084 1895 11.

510 1999 1158 2035 ARGYRIPPUS.

202 2065 507 2176 SrccnOE
540 2128 634 2173 hoc
665 2127 756 2173 fit?
786 2124 906 2171 foras
935 2124 1130 2171 aedibus
1157 2140 1238 2171 me
1261 2122 1398 2188 ejici?

137 2245 148 2256 ,
202 2199 494 2246 Promerenti
522 2212 723 2262 optume
752 2199 951 2245 hoccine
973 2197 1094 2260 preti
1116 2191 1359 2242 reddstur?

201 2272 329 2319 Bene
355 2275 557 2319 merenti
588 2275 711 2320 mala
736 2289 786 2318 es
801 2306 816 2329 ,
849 2272 974 2317 male
1002 2268 1204 2315 merenti
1230 2266 1358 2311 bona
1385 2278 1442 2310 es.

201 2344 266 2392 At
290 2345 416 2393 malo
448 2361 559 2390 cum
585 2357 672 2392 tuo
694 2366 702 2391 :
729 2362 841 2391 narn
864 2346 964 2408 jam
989 2359 1047 2388 ex
1072 2343 1167 2387 hoc¹
1190 2340 1297 2384 loco

204 2418 294 2466 Ibo
328 2434 418 2483 ego
447 2418 508 2464 ad
532 2417 756 2465 Txisviros
771 2452 785 2475 ,
815 2427 1065 2477 vestraque
1092 2413 1161 2460 ibi
1185 2410 1383 2459 nomina
