1650 2826
245 206 340 251 254
552 173 1192 259 AULJJLA'JRIA.
1269 224 1276 228 -
1392 156 1523 251 vv.11

232 303 366 361 Juno
395 299 604 358 Lucina,
632 310 766 348 tuam
795 301 967 348 fidem!

585 395 616 428 I.
653 396 688 429 Y
725 396 753 429 C
789 396 822 430 Ο
857 398 891 431 N
926 398 948 430 I
981 398 1019 432 D
1052 398 1084 432 E
1119 398 1159 433 S.

1025 469 1183 517 Hem!
1206 481 1358 519 mater
1387 490 1523 533 mea,

237 541 353 592 Tibi
383 557 486 589 rem
513 539 754 603 potiorem
781 538 954 587 video:
988 541 1183 600 clamat,
1213 545 1428 605 parturit.

237 446 257 469 θ

648 647 1114 684 EUNOMIA.

237 723 264 768 1
280 721 392 768 hac'
380 730 507 767 intro
524 736 749 777 mecum,
773 731 911 799 gnate
930 721 1024 778 mi,
1042 721 1102 767 ad
1121 721 1309 770 fiatrem
1328 741 1493 772 meum
1507 762 1520 785 ,

240 795 307 842 Ut
339 796 460 842 istuc
492 793 630 854 quod
661 809 742 840 me
771 810 896 852 oras,
927 794 1235 856 impetratum
1264 798 1324 844 ab
1356 815 1414 845 eo
1439 816 1522 846 au-

490 865 650 913 feram.

590 967 1160 1004 LYCONIDES.

267 1082 281 1106 9
231 1047 398 1112 Ijam
430 1061 603 1107 sequor
620 1055 696 1102 te,
727 1056 889 1091 mater.
922 1045 1004 1091 sed
1026 1061 1212 1092 servom
1237 1062 1406 1092 meum
1647 1107 1650 1115 1

232 1119 499 1167 Strobilum
527 1118 672 1164 miror
689 1117 776 1164 ubi
802 1117 884 1174 sit,
918 1133 1067 1177 quem
1093 1133 1180 1182 ego
1200 1134 1279 1163 me
1295 1118 1518 1182 jusseram
1636 1117 1650 1211 J

231 1192 325 1238 Hic
356 1190 573 1252 opperiri.
610 1206 739 1235 nunc
768 1205 856 1252 ego
884 1204 1079 1233 mecum
1104 1187 1294 1268 eogito,
1640 1216 1650 1265 ἱ

161 1259 163 1261 ’
234 1264 285 1311 Si
311 1263 431 1315 mihi
461 1263 541 1308 dat
571 1279 794 1324 operam,
819 1277 899 1306 me
928 1260 1025 1310 1111
1013 1259 1142 1306 irasci
1170 1259 1429 1324 injurium’
1432 1273 1485 1309 st.
1639 1266 1643 1273 '

231 1337 482 1390 Ibo-‚intro
502 1371 516 1395 ,
541 1336 627 1382 ubi
661 1335 721 1381 de
752 1334 904 1396 capite
935 1350 1046 1381 meo
1074 1344 1186 1380 sunt
1213 1334 1421 1382 comitia.

526 1474 930 1530 SCENA-
1008 1483 1227 1561 VIXII.

585 1633 1163 1685 STROBILUVS.

231 1708 348 1819 ΡΙ
366 1785 392 1817 c
409 1785 429 1817 1
464 1771 662 1830 divitiis,
695 1772 782 1834 qui
812 1789 975 1819 aureos
1007 1774 1184 1827 montis
1223 1776 1416 1835 colunt,

226 1847 328 1911 Ego
358 1848 480 1892 solus
505 1863 689 1908 supero.
720 1863 834 1893 nam
854 1848 964 1894 istos
990 1865 1117 1913 reges
1141 1861 1320 1896 ceteros

226 1922 490 1980 Memorare
518 1922 662 1978 nolo,
694 1921 954 1967 hominum
983 1922 1336 1971 mendicabula.
1374 1955 1375 1958 =
1409 1945 1413 1948 ⁴

226 1994 329 2059 Ego
356 2011 462 2040 sum
491 1995 569 2040 ille
597 2011 681 2040 rex
711 1994 972 2056 Philippus.
1004 2011 1033 2040 o
1061 1995 1283 2058 lepidum
1306 1995 1460 2045 diem!
1623 2039 1645 2054 ,-

226 2064 351 2110 Nam
382 2075 437 2110 ut
469 2064 661 2110 dudum
697 2065 810 2111 hinc
842 2065 964 2123 abii,
998 2067 1156 2114 multo
1192 2066 1306 2114 illuc
1337 2065 1506 2149 adveni
1641 2100 1647 2123 ,

479 2139 635 2201 prior,

226 2216 485 2279 Multoque
514 2221 643 2281 prius
674 2238 753 2267 me
780 2195 1063 2268 εοη1οςειν1
1050 2238 1101 2267 1n
1131 2221 1372 2270 arboremz
1637 2253 1643 2277 ,

226 2290 445 2351 Indeque
496 2295 791 2355 aspectabam
840 2295 927 2342 ubi
974 2311 1144 2342 aurum
1184 2293 1485 2340 abstrudebat
1602 2299 1604 2302 ’

477 2383 632 2414 senex.

226 2443 319 2490 Ubi
338 2443 416 2490 ille
435 2445 549 2492 abiit
565 2482 579 2504 ,
601 2465 689 2512 ego
716 2466 795 2498 me
819 2449 1040 2496 deorsum
1067 2446 1195 2493 duco
1225 2445 1285 2493 de
1311 2446 1501 2495 arbore;
1546 2494 1550 2498 ,
1594 2438 1603 2467 ‘⁵
