1650 2826
182 188 309 236 v.91
424 203 441 208 -
515 162 796 216 ACTUS
849 162 886 209 1.
936 161 1038 209 SC.
1091 163 1129 208 Ι.
1362 180 1446 227 ¹25

596 289 630 322 1.
662 287 685 321 1
720 285 749 319 Β
783 285 819 318 A
851 283 885 318 N
915 278 955 317 ‘u
992 283 1030 318 s.

780 359 830 406 ‘d
856 360 919 407 ais
947 370 1030 415 tu,
1056 357 1348 404 Demaenete
1365 357 1388 402 Ρ

189 434 325 504 Quid
348 433 385 480 si
407 432 527 479 forte
553 433 606 478 in
633 433 816 479 insidias
845 429 1080 478 deveneio
1098 430 1121 475 Ξ)

185 508 269 554 ‘Tu
296 506 492 554 iedimes
518 522 599 552 me
617 541 632 564 ,
658 507 695 552 si
719 522 798 552 me
820 506 974 552 hostes
1002 499 1365 565 interceperint?

474 607 511 640 D
545 605 576 639 E
612 606 655 639 M
691 607 727 640 A
762 607 792 640 Ε
828 607 861 640 N
894 606 926 640 Ε
962 606 994 639 T
1030 605 1065 639 u
1101 604 1139 639 s.

189 680 446 728 Redinmn.

598 762 629 795 1.
664 762 686 795 1
722 762 750 794 Β
786 763 821 794 A
855 761 889 794 N
923 761 959 794 u
996 760 1034 794 s.

470 839 603 886 Tum
630 827 686 883 tu
711 838 855 902 igitur
881 834 1012 882 aliud
1038 850 1148 881 cura
1172 835 1294 897 quid
1313 836 1462 883 lubet,

496 940 533 973 D
567 938 598 971 E
634 937 676 969 M
712 937 748 969 A
782 936 813 985 ξ.
850 936 883 969 N
919 934 950 967 Ε
987 934 1019 967 ‘r
1054 935 1090 968 U
1125 935 1165 969 s.

197 1017 296 1081 Ego
315 1033 372 1064 eo
397 1016 458 1063 ad
476 1014 660 1070 forum,
686 1012 774 1059 nisi
797 1011 917 1073 quid
941 1011 1021 1058 vis.

610 1121 641 1155 1.
675 1121 697 1154 1
732 1118 761 1153 Β
796 1120 832 1154 A
866 1120 900 1154 N
939 1117 974 1151 U
1010 1116 1048 1151 s.

622 1252 635 1262 ι
913 1192 967 1242 Ῑ;
991 1190 1196 1237 etiamne
1225 1184 1468 1233 ambulas?

441 1267 445 1275 ’
520 1293 557 1326 1>
590 1293 619 1325 E
655 1293 697 1325 M
731 1295 765 1326 A
798 1293 828 1326 E
862 1295 897 1327 N
929 1295 959 1327 E
997 1294 1027 1327 Τ
1063 1295 1099 1328 U
1135 1293 1172 1328 s

205 1369 366 1430 Atque
392 1365 547 1414 audin‘
572 1363 744 1410 etiam?

565 1435 568 1437 Α
618 1441 650 1495 1'.
686 1461 707 1493 1
743 1461 771 1493 Β
806 1461 841 1493 A
874 1461 907 1494 N
943 1460 978 1494 u
1016 1459 1053 1493 s.

673 1533 807 1579 Ecce.

519 1632 557 1664 D
589 1631 620 1665 E
656 1632 699 1666 M
733 1633 768 1665 A
801 1631 831 1664 E
865 1631 900 1664 N
933 1630 963 1663 E
1000 1629 1031 1664 ‘r
1066 1629 1101 1662 U
1138 1628 1175 1663 s.

753 1707 802 1755 Si
832 1706 956 1768 quid
967 1718 1015 1752 te
1036 1707 1221 1762 volam,
1255 1704 1341 1752 ubi
1363 1703 1476 1751 eris?

626 1813 659 1846 L
693 1812 714 1846 1
749 1812 778 1845 Β
813 1812 847 1845 A
883 1813 915 1845 N
953 1812 987 1844 U
1024 1810 1062 1844 s.
1127 1840 1130 1842 ,

218 1893 518 1952 Ubicumque
542 1891 754 1937 lubitum
778 1876 919 1936 fuerit
945 1890 1104 1935 animo
1130 1905 1256 1934 meo.

215 1979 430 2026 Profecto
467 1994 610 2023 nemo
638 1978 692 2022 'st
707 2010 721 2033 ‚
754 1991 901 2036 quem
919 1976 1020 2038 jam
1043 1973 1215 2020 dehinc
1240 1983 1451 2018 metuam
1466 2005 1484 2030 ‚

465 2052 585 2097 mihi

217 2127 291 2173 Ne
326 2124 446 2186 quid
468 2138 637 2168 nocere
661 2121 834 2182 possit:
864 2134 1016 2179 quom
1040 2117 1160 2162 mihi
1188 2128 1271 2163 tua

221 2200 449 2247 Oratiode
479 2212 674 2243 omnem
700 2195 915 2240 animum
942 2190 1181 2238 ostendisti
1205 2202 1361 2236 tuum.
1506 2244 1517 2254 .

222 2275 357 2343 Quin
378 2284 425 2318 te
449 2287 647 2332 quoque
668 2270 823 2331 ipsum
846 2267 963 2313 facio
981 2266 1110 2313 haud
1129 2265 1313 2330 magni,
1336 2265 1373 2310 si
1393 2265 1485 2310 hoc

476 2354 622 2404 patro.

226 2417 418 2483 Pergaxn
435 2433 534 2479 quo
555 2415 741 2477 occepi,
768 2425 913 2476 atque
929 2412 997 2460 ibi
1022 2413 1210 2461 consilia
1230 2410 1453 2458 exordias.
