1650 2826
133 217 224 252 ma
374 194 665 247 ACTUS
719 196 802 242 ΙΙ.
830 194 962 246 SC.
1017 197 1134 243 111.
1305 213 1396 258 301

133 308 239 380 Qui
268 307 393 354 abire
416 306 526 352 hinc
549 303 685 350 nullo
708 313 848 364 pacto
873 303 1080 364 possim,
1110 305 1147 349 si
1173 306 1334 351 velim:

134 383 207 428 Ita
231 397 311 427 me
341 377 569 427 vadatum·
589 392 748 422 amore
771 376 1086 437 vinctumque
1107 377 1286 423 attines.

480 476 1056 512 CHRYSALUS.

135 550 226 596 Pro
256 548 338 595 Dii
361 547 654 594 inmortales!
677 545 982 593 Pistoclerum
1002 548 1259 609 conspicor.

134 619 184 666 Ο
206 618 475 675 Pistoclere,
503 618 651 664 salve!

418 713 448 746 P
481 712 502 744 Ι
539 711 566 745 S
598 711 629 745 T
666 711 698 743 Ο
735 711 762 743 C
799 712 827 743 L
863 712 893 744 E
928 713 961 745 R
995 711 1030 744 U
1068 712 1104 744 S.

674 777 837 835 Salve,
874 778 1120 840 Chrysale!

488 873 515 905 C
551 873 585 906 H
619 874 653 906 R
689 874 724 906 Y
760 875 782 908 S
818 874 852 907 A
886 874 916 906 I.
954 874 988 906 U
1027 874 1064 907 S.

137 941 392 1002 Conpendi
414 942 557 988 verba
580 943 732 988 multa
749 943 850 1006 jam
876 941 1041 989 faciam
1062 942 1163 988 tibi.

136 1013 309 1061 Venire
335 1026 390 1060 tu
419 1032 499 1061 me
526 1015 696 1079 gaudes
714 1051 728 1074 ,
747 1033 852 1080 ego
880 1016 1021 1062 credo
1053 1016 1154 1062 tibi.

139 1087 415 1148 Hospitium
447 1099 495 1133 et
527 1104 724 1134 coenam
752 1089 975 1149 pollicere
994 1122 1007 1144 ‚
1035 1100 1091 1133 ut
1119 1089 1343 1135 convenit

113 1187 115 1189 -
137 1158 332 1223 Peregre
360 1160 650 1206 advenienti:
669 1177 756 1224 ego
775 1173 935 1207 autem
954 1172 1215 1207 venturum
1229 1177 1404 1209 annuo.

143 1231 353 1277 Salutem
376 1233 464 1277 tibi
487 1234 546 1278 ab
573 1234 719 1279 sodali
749 1233 945 1279 solidam
973 1234 1160 1280 nuntio.

141 1302 342 1367 Rogabis
372 1320 477 1360 me,
513 1304 598 1348 ubi
628 1304 713 1348 sit
702 1304 724 1336 Ρ

430 1393 1118 1429 PISTOCLERUS.

754 1462 947 1509 Vivitne
982 1474 1029 1507 et
1062 1473 1184 1507 recte
1212 1464 1365 1509 valet?

157 1590 162 1594 ,
499 1554 526 1586 c
562 1555 596 1586 Η
631 1556 664 1588 R
699 1555 733 1587 Y
770 1554 792 1587 s
827 1555 859 1587 A
896 1554 927 1586 L
964 1553 998 1586 U
1035 1553 1071 1586 s.

142 1622 268 1668 Istuc
298 1620 518 1669 volebam
548 1638 635 1686 ego
667 1638 727 1668 ex
758 1634 807 1668 te
830 1621 1184 1684 percuncta1ier.

430 1722 1116 1758 PISTOCLERUS.

143 1787 642 1858 Quiscirepossum?

493 1882 1066 1917 CHRYSALUS.

524 1936 829 2014 Nullusplus.

430 2038 1116 2078 PISToeLERUS.

797 2109 1076 2177 Quemnam
1096 2105 1156 2150 ad
1175 2103 1411 2150 modum?

500 2207 1077 2244 CHRYSALUS.

149 2290 277 2360 Quia
313 2290 350 2336 si
376 2291 462 2347 2illa
496 2290 688 2335 inventa
718 2289 771 2333 ’st
787 2322 801 2344 ‚
836 2304 980 2348 quam
1011 2287 1090 2333 ille
1119 2297 1264 2343 amat,
1292 2287 1410 2335 vivit

401 2375 525 2409 recte
555 2375 601 2408 et
632 2364 779 2408 valet:

153 2433 318 2482 Sinon
343 2437 533 2490 inventa
553 2436 606 2481 ’st
621 2470 635 2494 ,
658 2435 813 2481 minus
829 2435 952 2484 valet
965 2468 980 2493 ‚
998 2433 1311 2484 moribundus
1330 2444 1410 2478 est.
