1650 2826
125 207 252 242 man
385 185 674 235 ACTUS
731 184 813 231 11.
869 182 1121 231 sc;111.
1305 185 1399 245 485

125 295 273 344 Nihili
294 310 409 341 cana
429 294 591 340 culex=
606 291 689 338 vix
704 301 894 347 teneos,
915 289 1035 351 quin
1048 324 1061 346 ,
1082 305 1204 349 quae
1223 288 1395 335 decent

379 377 429 413 te
447 398 462 423 ,
495 365 662 410 dicam.

127 440 323 490 Senecta
345 450 494 487 aetate
518 446 836 502 unguentatus
856 451 941 498 per
963 436 1084 494 vias,
1103 434 1268 498 ignave
1283 468 1296 492 ‚
1315 434 1393 480 in-

378 511 515 559 cedis.

548 603 571 638 s
608 603 640 636 T
677 602 711 635 A
733 576 776 634 'L
812 602 833 634 1
867 602 902 634 N
940 602 988 634 ο.

130 673 217 719 Pol
249 685 335 736 ego
378 671 530 717 amico
572 669 683 716 dedi
722 670 952 731 quoidam
992 684 1213 731 operam,
1249 668 1371 715 dum

381 757 498 806 emu:

130 817 397 883 Unguenta.

440 907 468 939 C
503 906 533 939 L
570 905 600 939 E
638 906 671 939 Ο
710 906 732 940 S
768 905 799 939 T
834 907 868 939 R
901 905 937 939 A
973 906 1004 939 T
1039 904 1088 941 A.

401 974 465 1020 Ut
487 975 582 1020 cito
610 985 939 1020 conmentatus
955 974 1063 1021 'est!

132 1047 319 1110 Ecquid
346 1059 394 1094 te
420 1049 609 1110 pudet?

554 1142 575 1174 s
613 1142 643 1174 T
679 1142 714 1174 A
749 1143 779 1175 L
814 1143 834 1175 1
870 1143 903 1176 Ν
942 1143 992 1175 0.

542 1210 720 1255 Omnia
746 1227 867 1271 quae
891 1223 946 1257 tu
971 1211 1051 1257 vis.

450 1310 475 1343 c
511 1310 542 1344 L
577 1311 606 1343 E
645 1311 676 1344 o
713 1312 736 1345 s
775 1312 805 1345 Τ
842 1313 875 1346 R
909 1313 944 1345 A
980 1313 1009 1344 T
1046 1311 1095 1343 A.

842 1384 937 1432 Ubi
950 1425 957 1449 3
962 1386 1015 1431 in
1034 1386 1175 1432 lustra
1188 1384 1403 1448 jacuisti?

557 1477 579 1509 s
618 1477 648 1508 Τ
685 1477 719 1509 A
753 1477 783 1509 L
819 1477 839 1509 1
876 1478 909 1510 N
947 1477 994 1510 ο.

138 1546 302 1609 Egone
328 1546 379 1591 in
405 1544 582 1590 lustra?
794 1590 797 1592 ,

447 1636 1090 1670 οιΈοεΤΒΑΤΑ.

392 1712 498 1759 Scio
526 1715 650 1775 pluS,
674 1729 820 1775 quam
846 1726 902 1761 tu
930 1731 1009 1761 me
1038 1714 1272 1761 axbitraxe.

562 1811 997 1861 STALINQ.

1077 1882 1410 1952 Quididest?

146 1955 520 2025 Quidtuscis?

468 2043 1111 2082 CLEOSTRATA.

403 2121 476 2167 Te
500 2139 608 2168 sene
635 2123 854 2169 omnium
874 2138 1033 2167 senem
1056 2124 1298 2170 neminem
1318 2142 1412 2172 esse

1012 2197 1314 2261 ignaviorem.

149 2273 289 2319 Unde
315 2275 349 2319 is
365 2309 379 2331 ‚
410 2274 581 2320 nihili?
615 2276 700 2321 ubi
727 2275 889 2323 fuisti?
927 2277 1012 2322 ubi
1042 2279 1257 2325 lustratus
1273 2280 1295 2325 Ρ
1323 2281 1407 2327 ubi

244 2349 272 2386 Ι
399 2346 590 2392 bibisti?

152 2415 210 2459 Id
234 2429 298 2462 est
322 2430 546 2491 mpcastor
566 2438 574 2464 :
599 2419 707 2466 vide
721 2453 734 2477 ‚
756 2420 1002 2480 palliolum
1022 2432 1077 2467 ut
1092 2434 1240 2485 rugat.

1057 2501 1105 2546 H
1125 2502 1157 2546 h
1183 2517 1209 2561 3
