1650 2826
233 166 330 228 376
560 156 1192 215 BACCHIDES.
1388 171 1513 217 v.16

605 285 1016 321 BACCHIS
1085 289 1162 321 ΙΙ.

700 342 845 406 Hau&
874 361 1000 418 scio,
1033 362 1154 423 quid
1186 377 1242 408 eo
1276 368 1396 424 o'pus
1427 361 1518 419 sit,

243 438 385 508 Quae
416 454 505 485 nec
531 439 702 486 lactem
723 475 735 497 ‚
763 457 852 488 nec
879 443 1034 488 lanam
1060 444 1209 488 ullam
1235 443 1425 489 habent.
1455 443 1517 489 sic
1578 454 1581 458 ’

495 529 594 558 sme
621 525 783 560 astent.

238 585 475 632 Exoluere
491 620 505 644 ‚
534 586 702 647 quanti
727 587 870 639 fuere.
907 592 1059 638 omnis
1080 591 1257 637 fructus

232 656 343 717 Jam
373 659 459 703 illis
489 659 678 705 decidit.
714 678 814 709 non
835 665 965 711 vides
981 701 995 722 ‚
1017 677 1071 712 ut
1096 667 1302 727 palantes

245 727 382 776 Solae
407 731 555 778 libere
594 738 894 797 grassentur?
932 739 1051 801 quin
1077 730 1224 785 aetate
1257 736 1397 784 credo
1430 752 1520 800 esse

500 815 656 857 mutas
678 823 687 849 ε

245 873 319 920 Ne
341 874 502 922 balant
527 876 754 938 quidem,
786 889 938 934 quom
960 891 985 919 a
1006 890 1128 935 pecu
1154 887 1310 923 cetero
1338 879 1521 926 absunt.

619 973 649 1005 B
686 972 720 1004 A
755 971 781 1002 c
818 970 844 1002 c
881 970 914 1003 H
949 970 968 1003 1
984 950 988 953 ’
1007 970 1028 1003 s
1097 971 1132 1003 1,

605 1040 786 1088 Stultae
808 1051 954 1100 atque
976 1039 1105 1086 haud
1124 1042 1271 1087 malae
1288 1043 1525 1090 videntur.

601 1137 630 1170 B
667 1136 701 1169 A
737 1136 764 1168 C
801 1135 827 1167 C
865 1135 899 1167 H
934 1135 955 1167 Ι
992 1134 1014 1167 S
1083 1135 1104 1167 I
1123 1135 1159 1168 I.

249 1205 562 1253 Revertamur
584 1206 711 1252 intro
725 1240 739 1262 ,
770 1220 912 1250 soror.

598 1307 632 1340 N
668 1307 687 1339 1
724 1307 751 1339 C
789 1306 820 1339 Ο
863 1305 890 1338 Β
929 1304 964 1337 U
998 1304 1029 1337 L
1066 1301 1102 1336 U
1138 1303 1175 1337 S.

435 1376 570 1423 Illico
589 1376 756 1423 ambae
775 1385 991 1422 manete:
1015 1375 1102 1420 hae
1121 1390 1231 1420 oves
1245 1375 1418 1421 volunt
1432 1391 1526 1420 vos.

619 1474 1033 1508 BACCHIS
1100 1475 1135 1508 1.

253 1540 528 1607 Prodigium
547 1543 640 1588 hoc
660 1541 859 1603 quidem
878 1551 969 1587 est:
990 1541 1200 1589 humana
1216 1554 1302 1586 nos
1318 1554 1436 1587 voce
1452 1553 1531 1599 ap-

501 1616 683 1677 pellant
713 1631 837 1660 oves.

571 1709 599 1741 P
637 1708 670 1741 H
705 1708 725 1740 1
764 1708 792 1741 L
828 1707 860 1740 ο
898 1708 934 1740 x
969 1708 999 1740 Ε
1038 1708 1068 1740 Ν
1108 1706 1143 1739 U
1181 1707 1218 1740 s.

255 1773 359 1820 Hae
384 1791 493 1822 oves
521 1776 657 1822 vobis
682 1777 859 1821 malam
882 1791 983 1821 rem
1007 1791 1227 1839 magnam
1243 1810 1257 1832 ,
1281 1790 1426 1836 quam
1451 1771 1533 1818 de·-

512 1846 655 1904 bem,
681 1846 878 1892 dabunt.
954 1854 958 1861 ’

644 1949 672 1981 Β
707 1949 742 1982 A
779 1949 806 1981 c
843 1950 869 1982 c
906 1950 940 1983 Η
976 1949 997 1981 1
1037 1947 1059 1981 s
1129 1947 1165 1980 Ι.

254 2013 303 2062 Si
340 2032 487 2077 quam
515 2015 658 2062 debes
676 2050 690 2073 ,
725 2026 774 2062 te
802 2016 1028 2063 condono
1045 2049 1059 2073 ,
1086 2014 1174 2061 tibi
1206 2013 1328 2060 habe
1346 2047 1360 2070 ,
1387 2026 1530 2057 num-

509 2104 656 2150 quam
682 2089 761 2136 abs
790 2100 838 2135 te
865 2102 1039 2152 petam.

256 2158 349 2205 Sed
369 2161 490 2222 quid
518 2173 586 2208 est
603 2197 616 2220 ,
647 2174 937 2225 quapropter
967 2162 1105 2208 nobis
1127 2177 1210 2208 vos
1231 2160 1409 2206 malum
1439 2156 1530 2201 mi-

514 2236 765 2282 nitamini?

580 2337 608 2370 P
644 2336 678 2370 Η
712 2338 732 2369 1
768 2337 798 2370 L
837 2337 870 2369 o
904 2312 944 2370 x'
975 2336 1005 2369 E
1042 2337 1074 2369 N
1113 2334 1147 2367 u
1183 2334 1222 2366 s.

261 2397 392 2472 Quia
405 2413 585 2448 nostros
606 2420 748 2467 agnos
763 2404 1005 2450 conclusos
1019 2401 1117 2447 istic
1131 2416 1226 2445 esse
1242 2399 1374 2461 ajunt
1395 2398 1528 2445 duos.
