1650 2826
253 188 418 237 xxxa
571 175 633 221 M.
701 175 895 229 ACCI
953 173 1285 221 PLAUTI

441 286 660 349 perpetuis
705 284 954 330 illustravit.
1003 284 1195 328 Accessit
1227 291 1406 346 praeter
1443 282 1535 330 alia

446 348 693 395 emendatae
732 348 829 392 lzuic
865 348 1040 393 editioni
1082 348 1269 393 Plautus
1303 348 1535 412 Hypoboli-

445 430 614 462 maeus,
630 413 705 458 lzoc
720 425 782 457 est
805 412 957 471 Gildae
972 414 1187 477 Sapientis
1196 412 1408 458 Britanni
1416 412 1535 487 Que-

446 479 589 525 rolus,
623 480 709 524 sive
726 478 970 522 Aulularia.
996 476 1302 540 Francofurti,
1336 480 1535 541 impensis

447 543 590 603 Jonae
620 542 789 587 Rhodii.
824 541 959 587 Idem
994 542 1149 587 editor
1189 542 1309 599 1614
1344 543 1532 587 Lexicon

446 608 728 655 Plautinum,
760 617 808 652 et
829 607 945 660 1617
972 606 1124 652 Electa
1146 605 1357 652 Plautina
1373 607 1533 668 publi-

442 683 577 719 cawt.

258 743 375 789 1611
445 738 665 784 Salmuri‚
698 752 767 782 lQ.
796 736 847 780 in
870 735 1024 781 Plauti
1055 735 1334 782 Comoedias
1362 735 1532 783 Anim-

448 802 623 848 advers.
646 801 806 846 Franc.
826 800 1062 846 Dissaldei.
1568 855 1572 867 =

252 894 415 914 ——-
455 867 670 914 Genevae,
707 885 747 926 4.
787 866 838 912 in
873 866 1084 927 Corpore
1122 873 1371 928 poetarum
1404 867 1533 913 Lati-

449 948 637 978 norum.

257 999 378 1046 1612
454 996 763 1058 Wittebergae,
791 1012 833 1054 4.
864 998 925 1042 M.
950 998 1075 1042 Accii
1100 996 1254 1043 Plauti
1289 996 1533 1042 Comoediae

447 1062 539 1108 XX
550 1064 817 1126 superstites.-
841 1080 953 1108 nunc
973 1063 1105 1107 denuo
1153 1074 1224 1108 ost>
1238 1064 1423 1108 omnium
1446 1061 1533 1107 ecli-

451 1129 585 1173 tiones
611 1127 670 1171 ad
682 1127 823 1190 fidem
855 1128 1075 1172 meliorum
1145 1127 1238 1172 odd.
1266 1139 1307 1172 et
1338 1128 1533 1191 inprimis

446 1193 659 1239 vetustiss.
691 1191 817 1236 MSS.
850 1193 1118 1242 Camerarii,
1152 1209 1225 1236 seu
1261 1192 1532 1237 Camerario-

400 1301 405 1305 .
446 1257 772 1304 Palatinorum,
813 1270 863 1303 ut
897 1269 938 1302 et
975 1257 1310 1303 doctissimorum
1341 1257 1531 1303 virorum

445 1339 574 1367 curas
605 1323 850 1368 accuratius
880 1333 1082 1369 exactae,
1115 1334 1157 1367 et
1185 1324 1303 1368 novis
1327 1337 1532 1366 commen-

450 1388 577 1431 tariis
610 1387 885 1432 illustratae.-
930 1389 972 1432 in
1006 1387 1153 1449 quibus
1176 1397 1353 1451 praeter
1390 1401 1532 1430 omnes

446 1453 633 1496 omnium
677 1452 802 1517 liujus
843 1454 1144 1516 superiorisque
1186 1452 1280 1498 aevi
1317 1450 1531 1512 doctorum

449 1516 757 1562 emendationes
787 1518 1232 1581 interpretationesque
1257 1516 1418 1580 passim
1446 1514 1531 1559 edi-⁴

451 1594 547 1628 tas,
575 1598 702 1643 quam
721 1582 913 1645 plurima
940 1598 960 1626 e
984 1581 1267 1635 bibliothecis,
1298 1579 1373 1625 sed
1392 1591 1435 1624 et
1454 1596 1529 1625 va-
1557 1607 1560 1615 =

447 1648 610 1691 riorum
627 1648 816 1710 privatis
843 1663 972 1709 neque
997 1646 1095 1690 dum
1111 1646 1229 1711 juris
1242 1644 1387 1708 factis
1410 1644 1531 1689 libris

450 1723 494 1755 et
517 1712 677 1757 literis,
711 1728 822 1756 nunc
837 1714 1025 1775 primum
1055 1711 1232 1755 collecta
1249 1722 1291 1754 et
1313 1709 1531 1772 explicata

440 1775 768 1838 producuntur:
800 1775 1012 1819 Plautina
1053 1776 1154 1818 item
1178 1772 1439 1836 fragmenta
1473 1771 1534 1817 ad

447 1839 627 1883 similem
638 1837 806 1900 faciem
836 1841 1090 1884 concinnata
1116 1850 1157 1882 et
1179 1837 1336 1881 Plauto
1356 1836 1531 1898 denique

447 1905 695 1966 supposita:
730 1904 870 1948 omnia
907 1903 1046 1948 studio
1085 1914 1127 1947 et
1163 1901 1377 1950 industria
1406 1900 1526 1946 Frid.

447 1967 779 2024 Taubmanni‚
802 1967 976 2013 Franci.
1005 1967 1157 2012 Additi
1170 1978 1272 2012 sunt
1289 1965 1446 2012 indices
1462 1982 1529 2011 re-

447 2049 546 2079 rum
573 2044 615 2076 et
641 2033 860 2079 verborum
885 2033 1225 2097 locupletissimi,
1260 2034 1333 2094 qui
1355 2032 1530 2092 linguae

449 2098 635 2143 Latinae
653 2109 694 2143 et
711 2097 858 2143 doctae
875 2099 1147 2160 antiquitatis
1166 2097 1337 2160 quidam
1362 2096 1530 2142 thesau-

448 2165 492 2207 ri
509 2161 698 2225 fuerint.
726 2162 855 2226 Apud
881 2162 1073 2219 Zachar.
1102 2163 1382 2209 Sclzurerum,
1421 2163 1528 2224 typis

450 2226 522 2287 Jo.
541 2227 787 2272 Gormanni.
802 2236 868 2261 --‘-
885 2228 1070 2273 Praeter
1088 2228 1136 2272 in
1159 2228 1250 2272 hoc
1267 2227 1406 2272 titulo
1422 2241 1526 2270 me·-

448 2304 650 2349 morata,
682 2293 732 2337 in
760 2294 883 2338 calce
910 2293 1131 2356 adjuncta
1163 2291 1406 2353 est-Joaclz.
1439 2289 1524 2335 Ca-

448 2359 626 2402 merarii
648 2358 707 2403 de
735 2358 903 2404 fabulis
923 2358 1145 2404 Plautinis
1174 2358 1449 2412 dissertatio,
1476 2368 1524 2404 et

453 2421 549 2481 Jul.
564 2422 680 2469 Caes.
689 2424 888 2486 Scaliger
898 2423 958 2470 de
969 2424 1174 2471 versibus
1184 2422 1383 2471 comicis.
1396 2421 1524 2468 Huic
