1650 2826
109 209 213 257 tt)
339 187 671 240 ACTU'S
718 187 823 237 IV.
878 187 982 237 SC.
1033 190 1173 238 VII.
1299 209 1385 255 253

113 303 296 350 Crebro
323 302 483 348 salicto
512 286 758 363 oppletum,
781 299 850 346 ibi
878 316 1064 346 sumam
1092 301 1268 347 locum.

115 377 318 424 Certum
332 375 387 422 ’st
400 409 417 434 ‚
439 373 629 421 Silvano
650 372 811 435 potius
834 373 1049 431 credam,
1067 389 1215 435 quam
1236 374 1365 422 Fide.

487 475 510 510 s
546 475 578 509 ‘r
613 477 647 510 R
684 476 716 509 o
751 475 780 508 Β
815 476 837 508 1
870 476 901 508 1.
937 476 973 510 U
1010 476 1047 509 s.

118 544 252 610 Euge
265 543 436 609 ‚euge!
461 542 543 589 Dii
560 559 639 589 me
660 544 839 590 salvom
856 554 904 590 et
925 555 1160 590 servatum
1185 545 1373 590 volunt.

114 619 221 678 Jam
246 635 333 683 ego
355 619 468 664 illuc
493 633 814 680 praecurram,
842 630 987 680 atque
1009 618 1282 665 inscendam
1308 618 1392 665 ali-

373 709 521 754 quam
547 692 599 737 in
631 692 872 737 arborem:
933 703 936 705 ’

119 772 341 835 Indeque
358 771 618 819 observabo
631 805 645 828 ,
662 788 833 818 aurum
848 772 934 818 ubi
950 771 1190 818 abstrudat
1202 787 1358 817 senex.

121 845 435 915 Quamquam
457 843 534 889 hic
554 858 744 889 manere
762 844 900 890 herus
922 861 1002 890 me
1024 860 1118 890 sese
1133 845 1327 908 jusserat
1344 878 1359 900 ,

117 917 319 966 Certum
353 917 408 963 ’st
427 950 442 973 ,
481 917 657 962 malam
694 933 797 963 rem
826 917 984 978 potius
1020 933 1244 978 quaeram
1281 932 1394 962 cum

373 990 521 1036 lucro.

474 1091 1034 1141 SCENA‘VIJ.

154 1232 590 1269 LYCONIDES,
627 1234 976 1272 EUNOMIA,
1013 1235 1349 1274 PHAEDRA.

482 1340 1052 1379 LYCONIDES.

123 1395 335 1508 D1x1
363 1456 481 1512 tibi,
510 1467 686 1501 mater:
704 1457 843 1519 juxta
871 1474 973 1503 rem
1008 1475 1202 1506 mecum
1234 1472 1364 1508 tenes

124 1532 276 1593 Super
298 1529 538 1576 Euclionis
565 1529 671 1574 filia.
699 1545 829 1575 nunc
846 1565 859 1586 ,
885 1542 933 1576 te
959 1532 1151 1578 obsecro
1173 1569 1187 1590 ‚

124 1607 217 1653 Fac
243 1603 540 1650 mentionem
575 1620 687 1648 cum
716 1607 951 1652 avonculo
970 1642 986 1664 ,
1019 1619 1168 1652 mater
1197 1625 1329 1655 mea:

124 1679 449 1736 Resecroque‚
470 1687 643 1734 mater,
664 1678 801 1738 quod
823 1678 1011 1726 dudum
1037 1679 1394 1729 obsecraveram.

515 1778 547 1811 E
582 1777 618 1811 U
652 1778 687 1810 N
723 1779 756 1811 Ο
792 1778 835 1811 Μ
869 1778 891 1811 Ι
924 1779 974 1812 Α.

127 1847 223 1894 Scis
249 1857 381 1902 tute,
406 1845 525 1891 facta
552 1847 674 1892 velle
701 1863 780 1892 me
798 1881 813 1904 ,
845 1863 967 1908 quae
992 1858 1048 1893 tu
1072 1849 1201 1894 velis.

126 1922 189 1969 Et
217 1921 335 1965 istuc
363 1919 553 1964 confido
578 1936 607 1964 a
634 1919 772 1965 fratre
804 1937 884 1966 me
909 1921 1236 1982 impetrassere.

126 1996 191 2042 Et
210 2009 363 2040 caussa
373 1994 583 2056 justavest
595 2027 609 2049 ,
627 1994 862 2053 siquidem
879 1995 943 2040 ita
963 2007 1028 2040 est
1046 2007 1102 2040 ut
1118 1995 1350 2055 praedicas
1361 2029 1375 2051 ‚

127 2067 202 2114 Te
229 2083 334 2112 eam
359 2065 656 2126 conpressisse
679 2065 982 2110 vinolentum
1004 2067 1249 2129 virginem.

480 2159 511 2192 1.
547 2160 581 2191 Y
616 2161 644 2192 c
679 2160 710 2192 o
747 2160 780 2192 N
817 2163 839 2195 1
872 2159 907 2191 D
943 2159 973 2191 E
1010 2159 1046 2192 s.

129 2228 295 2294 Egone
325 2239 381 2276 ut
410 2235 466 2275 te*
489 2227 740 2274 advorsum
765 2228 991 2285 mentiar,
1017 2240 1165 2275 mater
1191 2233 1332 2277 mea?

536 2330 564 2362 P
599 2329 634 2361 Η
669 2328 704 2361 Α
739 2329 769 2361 Ε
804 2329 840 2362 D
875 2329 908 2361 R
941 2328 989 2361 Α.

131 2396 278 2457 Perii,
307 2414 413 2446 mea
440 2397 631 2444 nutrix!
664 2396 855 2444 obsecro
885 2407 934 2442 te
952 2431 968 2454 ‚
995 2391 1185 2444 uterum
1212 2396 1355 2442 dolet.
