1650 2826
134 167 262 215 v.88
413 161 701 213 A'CTUS
750 161 853 208 1V.
904 159 1010 207 SC.
1060 162 1139 207 ΙΙ.
1314 175 1404 222 591

420 280 1139 320 LAMPADISGUS.

141 353 252 398 Nae.

405 434 1138 478 *PHANOSTRATA

257 499 537 560 Obloquere
566 499 788 547 rursum?
814 516 955 566 perge
986 517 1128 563 porro
1156 499 1320 546 dicere.

146 571 287 641 Quot
312 588 458 618 annos
488 582 597 618 nata
628 571 796 617 dicitur
813 572 835 616 Ρ

564 662 998 696 HALISCA.

900 729 1093 792 Septem
1118 743 1165 778 et
1196 731 1373 780 decem.

413 823 1143 859 PHANOSTRATA.

145 882 426 928 Mea’st.'

437 974 1155 1010 LAMPADISCU&

380 1043 446 1089 Ea
468 1042 544 1098 ’st‚
573 1053 629 1087 ut
658 1057 882 1087 numerus
909 1058 1144 1089 annoxum
1169 1046 1339 1092 attulit.

570 1141 605 1174 Η
640 1141 675 1172 A
710 1141 740 1172 1.
775 1141 795 1173 1
832 1141 854 1174 s
895 1142 921 1173 c
959 1142 1007 1174 A.

154 1213 305 1285 Quod
324 1209 601 1273 quaerebas,
626 1208 862 1270 reperisti:
884 1209 985 1271 jam‘
1012 1225 1187 1270 quaero
1214 1227 1383 1260 meam.

438 1307 1147 1343 LAMPADISCUS.

155 1380 221 1425 At
242 1379 326 1439 pol
346 1378 433 1422 hae
462 1357 561 1422 slias
582 1385 744 1421 nactae
767 1386 904 1421 sunt:
938 1391 1112 1435 quaero
1140 1379 1337 1425 tertiam.

428 1467 1158 1512 PHANOSTRATA.

161 1538 311 1608 Quod
344 1538 663 1599 quaeritabam
682 1570 698 1594 ‚
731 1536 876 1582 filiam
903 1537 1065 1583 inveni
1092 1555 1261 1586 meam.

576 1633 612 1666 H
649 1633 684 1665 A
717 1632 747 1665 L
783 1633 804 1664 1
842 1631 864 1665 S
900 1633 926 1665 C
963 1632 1010 1665 A.
1082 1636 1117 1672 0,

161 1704 386 1765 Aequom
400 1705 454 1750 ’st
470 1715 629 1750 tenere
644 1737 659 1760 ,
682 1719 766 1764 per
784 1702 928 1748 fidem
947 1701 1083 1762 quod
1100 1703 1330 1751 creditum
1345 1706 1421 1764 'st‚

161 1776 235 1821 Ne
268 1775 390 1821 bene
420 1775 622 1821 merenti
652 1776 710 1820 sit
740 1776 865 1820 malo
896 1774 1168 1837 benignitas.

164 1847 331 1893 Nostra
359 1849 472 1894 haec
496 1850 687 1893 alumna
702 1848 756 1892 'st
784 1858 866 1892 tua
890 1846 1102 1907 profecto
1125 1847 1217 1893 filia
1237 1867 1246 1892 ε

161 1921 223 1966 Et
251 1920 487 1966 redditura
516 1922 625 1966 hera
656 1931 723 1965 est
747 1919 834 1965 tibi
866 1931 1027 1966 tuam:
1063 1931 1109 1966 et
1137 1936 1189 1965 ea
1218 1921 1357 1984 gratia

165 1991 327 2038 Domo
357 1991 565 2053 profecta
592 2002 669 2037 est.
702 2003 911 2037 ceterum
936 2008 996 2037 ex
1017 1992 1142 2054 ipsa,
1169 1993 1389 2052 obsecro,

99 2098 105 2108 ,
162 2063 490 2125 Exquiritote:
522 2080 608 2128 ego
638 2080 764 2110 serva
796 2081 914 2111 sum.

433 2156 1153 2191 PHANOSTRATA.

907 2223 1131 2285 Aequom
1155 2227 1371 2288 postulas.

583 2324 618 2358 H
654 2325 688 2358 A
723 2326 754 2359 Ι,
787 2325 809 2357 Ι
843 2324 866 2358 S
905 2325 931 2356 C
969 2323 1017 2357 A.

170 2394 297 2440 Illius
328 2410 414 2459 ego
444 2395 587 2441 istanc
620 2411 711 2441 esse
739 2396 865 2441 malo
894 2395 1095 2460 gratiam.
