1650 2826
246 180 335 224 242
544 162 1181 217 AULULARIA*
1391 193 1519 228 mo

247 275 356 320 Plus
375 273 583 336 plusque
607 274 837 336 sospitent
866 275 985 323 istuc
1015 277 1153 339 quod
1172 295 1310 328 vnunc
1329 283 1491 333 habes.

694 377 726 410 E
762 378 798 411 U
826 379 860 412 c
895 380 926 413 L
961 381 982 413 1
1019 381 1066 414 o.

238 455 367 504 qud
380 453 499 501 mihi
514 455 720 503 verbum
738 473 838 502 non
859 459 1031 519 placet,
1052 458 1205 529 Quod
1220 475 1351 507 nunc
1368 442 1523 508 habei.

242 533 366 579 Tam
388 532 491 578 'hoc
521 531 606 578 scit
634 548 714 578 me
742 531 944 591 habere,
979 550 1127 595 quam
1168 548 1372 601 egomet.
1410 553 1526 584 anus

492 604 605 651 fecit
619 605 798 667 palam.

570 704 613 736 M
647 704 679 737 Ε
712 704 746 736 G
780 703 816 737 A
850 704 888 737 1>
922 701 955 737 ο
991 705 1025 738 R
1063 705 1098 737 U
1133 705 1171 740 s.

243 775 382 848 Quid
407 786 465 821 tu
489 784 538 820 te
563 774 689 820 solus
715 790 741 820 e
773 784 937 819 senatu
965 776 1184 822 sevocas?

699 882 1070 917 EUCLIO.

237 962 331 1008 -Pol
352 976 442 1026 ego
467 970 515 1006 te
534 969 591 1006 ut
607 974 822 1004 accusem
845 959 1016 1005 merito
1031 995 1044 1017 ‚
1064 960 1283 1007 meditor.

576 1056 627 1089 M
661 1056 691 1089 E
730 1053 762 1087 G
796 1054 833 1088 A
867 1052 904 1087 D
940 1054 973 1087 o
1009 1055 1043 1088 R
1079 1055 1114 1088 u
1152 1055 1190 1089 s.
1513 1045 1522 1055 ‘

1259 1111 1397 1185 Quid
1423 1115 1525 1161 est?

689 1201 720 1234 E
757 1199 793 1232 U
822 1199 856 1231 C
893 1198 924 1231 L
960 1199 981 1231 1
1018 1199 1066 1232 0.

239 1274 381 1348 'Quid
409 1275 492 1331 sit,
519 1290 599 1320 me
621 1274 825 1338 rogitas?
850 1274 937 1334 qui
962 1274 1084 1320 mihi
1110 1275 1266 1321 omnis
1292 1278 1489 1341 angulos

239 1352 278 1398 F
281 1367 425 1397 urum
452 1348 689 1409 inplevisti
715 1348 766 1392 in
799 1347 995 1393 aedibus
1031 1347 1201 1394 misero
1233 1349 1376 1395 mihi:
1451 1365 1455 1376 ·

244 1424 349 1494 Qui
370 1417 660 1468 intromisisti
690 1420 740 1466 in
769 1420 892 1466 aedis
917 1411 1203 1485 quingentos
1228 1438 1410 1484 coquos
1428 1457 1445 1481 ‚

242 1496 369 1542 Cum
396 1493 513 1540 senis
539 1493 758 1539 manibus
775 1528 788 1551 ,
815 1509 984 1558 genere
1010 1493 1347 1556 Geryonaceo:

240 1569 440 1640 Quos-si
468 1567 618 1633 Argus
650 1579 800 1614 servet
819 1602 831 1623 ‚
863 1567 949 1628 qui
981 1557 1175 1613 oculeus
1204 1577 1333 1614 totus
1365 1566 1455 1613 fuit
1472 1601 1487 1625 ‚

242 1644 410 1714 Quem
430 1641 679 1703 quondam
691 1640 806 1699 Joni
822 1640 955 1698 Juno
979 1640 1228 1687 custodem
1249 1639 1457 1697 addidit,

240 1720 285 1764 Is
312 1733 584 1778 numquam
613 1726 775 1761 servet.
800 1725 1037 1776 praeterea
1054 1714 1328 1773 tibicinam,

242 1790 382 1861 Quae
412 1790 478 1834 mi
506 1787 792 1833 interbibere
821 1787 916 1832 sola
933 1821 946 1843 ,
972 1787 1006 1831 si
1029 1787 1143 1833 vino
1170 1797 1345 1844 scatet,

243 1861 621 1918 Corinthiensem
654 1859 840 1905 fontem
863 1859 1081 1906 Pirenem
1110 1870 1281 1922 potest.

239 1938 374 1984 Tum
403 1935 662 1984 obsonium
687 1935 874 1981 autem!

578 2036 621 2069 M
656 2035 686 2068 E
724 2034 757 2068 G
791 2035 827 2068 A
860 2035 897 2069 D
934 2034 967 2068 O
1004 2034 1038 2067 R
1075 2033 1110 2066 U
1135 2033 1185 2090 NS.

920 2111 1009 2158 Pol
1036 2112 1114 2159 vel
1145 2109 1322 2177 legioni
1341 2119 1408 2157 sat
1437 2121 1515 2155 est.

242 2186 398 2233 Etiam
424 2202 603 2251 agnum
625 2184 742 2233 misi.

692 2280 722 2314 E
759 2280 796 2314 U
833 2279 860 2312 C
897 2279 927 2312 L
962 2279 982 2311 1
1019 2279 1067 2312 O.

744 2355 860 2425 Quo
897 2353 1096 2415 quidem
1125 2365 1272 2414 agn0‚
1296 2359 1362 2394 sat
1389 2349 1482 2396 scio
1499 2384 1515 2408 ,

240 2423 385 2490 Magis
415 2424 646 2471 curiosam
678 2442 919 2487 nusquam
946 2440 1039 2471 esse
1071 2422 1219 2468 ullam
1242 2420 1448 2467 beluam.

1615 2285 1641 2321 'ff
1649 2302 1650 2332 ᾗ

1628 2375 1650 2402 ,ἵν

1630 2408 1635 2422 0

1579 2455 1586 2460 ,
1628 2421 1650 2490 t(

1626 2477 1639 2501 >ς

1626 2515 1641 2554 ²3
