1650 2826
116 236 220 281 tq
416 167 704 263 AcT-“us'
753 210 836 257 11.
888 202 997 257 Sc.
1041 208 1142 257 IV.
1308 227 1396 274 223

120 327 289 375 Filiam
320 322 551 387 despondi
583 319 704 440 ἔξω
732 319 878 367 hodie
905 330 1124 382 nuptum
1155 320 1269 368 huic
1298 321 1402 368 Me⁴

371 395 548 462 gadora
643 394 723 440 bo.

505 484 1032 521 STAPHYLA.

125 563 214 614 Du
229 562 354 611 bene
377 571 582 607 vortant.
608 575 778 606 verum
799 569 975 606 ecastor
993 573 1097 604 non
1111 569 1300 621 potest:
1328 575 1404 608 su-

214 657 227 666 *
279 637 293 641 '⁴
374 634 573 681 bitum’
577 645 619 680 st
649 633 802 679 nimis.

575 741 949 776 EUCLIO.

122 820 282 878 Tace,
303 831 450 881 atque
476 819 585 865 abi:
622 828 781 864 curata
811 815 883 862 fac
909 816 1002 863 sint
1018 849 1034 873 ,
1065 830 1219 877 quom
1243 831 1273 862 a
1300 814 1405 862 foro

389 890 581 937 redeam
619 889 838 934 domurn.

127 963 291 1027 Atque
312 963 511 1012 occlude
539 962 692 1009 aedis:
712 963 813 1026 jam
838 977 925 1025 ego
949 960 1027 1006 hic
1051 957 1206 1005 adero.

505 1060 529 1095 S
563 1060 596 1093 Τ
629 1060 667 1094 A
702 1060 730 1094 P
765 1059 801 1092 Η
834 1059 869 1091 Y
903 1059 935 1092 L
970 1058 1018 1090 A.

805 1132 943 1201 Quid
965 1148 1053 1198 ego
1079 1148 1210 1178 nunc
1237 1149 1371 1196 agam
1387 1133 1409 1177 Ξ)

134 1205 277 1253 Nmic
292 1206 435 1252 nobis
449 1223 600 1267 prope
618 1206 748 1252 adest
769 1207 970 1253 exitium
984 1241 999 1264 ,
1021 1207 1143 1252 mihi
1164 1218 1311 1268 atque
1328 1209 1409 1254 he—

385 1279 459 1322 rili
487 1279 620 1324 filiae.

136 1351 261 1397 Nam
287 1350 520 1412 probrum
548 1363 694 1411 atque
719 1351 964 1412 partitudo
995 1368 1147 1413 prope
1171 1353 1326 1411 adest,
1355 1366 1411 1400 ut

390 1423 469 1468 fiat
494 1424 663 1484 palam.

138 1495 292 1566 Quod
318 1497 523 1541 celatum
550 1497 635 1552 ἐζ,
667 1506 812 1554 atque
842 1496 1134 1541 occultatum
1161 1512 1313 1556 usque
1334 1495 1414 1540 ad·-

391 1570 520 1624 huc,
544 1585 676 1614 nunc
708 1584 809 1612 non
838 1579 1008 1628 potest.

140 1641 232 1687 Ibo
256 1640 406 1696 intre,
421 1651 478 1686 ut
494 1641 630 1686 herus
658 1656 780 1700 quae
801 1638 1073 1700 imperavit,
1096 1639 1240 1697 facta,
1262 1653 1416 1700 quom

398 1711 590 1768 veniat,
625 1712 757 1757 sient.

145 1787 299 1846 Nam,
321 1798 520 1844 ecastor,
538 1788 721 1832 malum
744 1803 1006 1834 maerorem
1026 1797 1224 1844 metuo,
1246 1802 1309 1832 ne
1329 1784 1417 1830 mi-

395 1871 523 1907 stum
551 1861 728 1908 bibam.

482 2004 879 2051 SCENA
964 2006 1074 2051 IV.

149 2145 614 2187 STROBILUS,
655 2148 1035 2186 ANTHRAX.
1080 2148 1418 2186 coNGRIo.

512 2263 1070 2309 STROBILus.

153 2324 285 2438 Po
302 2401 324 2437 S
337 2403 369 2436 T
383 2403 420 2451 ρ
431 2401 468 2434 U
479 2401 512 2433 Α
528 2401 571 2433 Μ
616 2390 866 2438 obsonavit
906 2389 1044 2436 herus
1054 2384 1090 2447 ,”’
1105 2400 1154 2436 et
1190 2389 1422 2436 conduxit

364 2469 385 2486 ⁷
404 2478 583 2524 coquos
597 2496 613 2520 ,
