1650 2826
101 208 232 255 v.29
361 179 645 236 ACTUS
698 177 802 226 1V.
859 176 966 225 SC.
1021 178 1103 225 ΙΙ.
1322 177 1383 239 89

446 306 483 341 A
515 305 560 340 M
596 305 626 339 P
658 303 694 337 H
730 302 750 335 I
786 302 818 335 T
853 301 886 334 R
922 300 958 333 U
995 300 1042 334 0.

738 365 863 426 'Non
889 395 955 424 me
973 378 1157 424 novisti,
1175 376 1386 422 verbero?

443 476 488 510 M
523 476 553 509 E
587 475 622 509 R
656 477 684 508 C
718 475 754 508 U
790 476 823 508 R
858 474 878 507 Ῑ
914 473 949 506 U
987 472 1026 506 S.

110 556 227 607 Νσνί
241 564 282 601 te
301 552 507 598 hominem
523 551 770 597 molestum,
793 550 868 611 qui
883 564 934 593 ne
952 563 1067 592 emas
1086 546 1289 607 litigium.

453 650 1048 699 AMRHITRUO.

1232 701 1387 748 Adhuc

110 778 306 846 Amplius
320 798 334 824 .·
351 777 505 825 Nonne
524 794 598 839 ego
616 777 741 822 herus
755 742 853 822 sum*
868 787 967 821 tuus
979 774 1232 839 Amphitruo
1244 776 1275 818 ἒ

466 873 1046 909 MERCURIUS.

0 870 32 1059 ἒ
1030 944 1098 990 Tu
1108 944 1310 990 Bacchus
1328 960 1391 991 es,

8 1061 25 1088 ξ
118 1020 258 1070 Haud
287 1020 553 1085 Amphitruo·
593 1021 786 1082 quotiens
834 1017 913 1062 tibi
953 1016 1113 1062 dictum
1145 1017 1210 1062 vis
1228 1018 1257 1060 ἓ
1291 1031 1395 1060 num

20 1095 28 1117 '¹
371 1093 503 1138 denuo
522 1095 551 1137 ,θ

117 1164 240 1210 Meus
265 1165 518 1229 Amphitruo
546 1181 627 1210 uno
660 1163 848 1209 cubiculo
881 1162 1160 1207 Alcumenam
1189 1161 1395 1225 conplexu

377 1247 501 1280 tenet.

121 1305 172 1358 Si
194 1322 380 1372 pergas,
417 1325 511 1353 eum
547 1308 615 1353 hic
648 1310 825 1356 sistam,
859 1324 988 1374 neque
1014 1309 1104 1353 sine
1138 1318 1206 1352 tuo
1238 1323 1395 1368 magno

380 1381 505 1425 malo.

463 1471 1055 1504 AMPHITRUO.

131 1534 262 1599 Cupio
278 1539 449 1581 arcersi.
468 1539 632 1582 utinam
650 1555 700 1582 ne
710 1555 790 1601 pro
810 1537 1040 1601 benefactis
1056 1538 1175 1585 hodie
1182 1542 1399 1604 patriam,

129 1608 258 1652 Aedis
272 1643 288 1656 ‚
308 1625 504 1656 uxorem,
513 1608 762 1672 familiam,
788 1627 882 1655 cum
892 1606 1046 1674 forma
1062 1629 1149 1657 una
1161 1612 1402 1676 perduam!

468 1709 1045 1746 MERCURIUS.

128 1782 354 1827 Arcersam
372 1783 555 1845 equidem
571 1803 586 1827 :
600 1785 675 1829 sed
688 1784 736 1829 de
747 1783 922 1847 foribus
938 1797 985 1830 tu
1004 1788 1166 1832 interea
1184 1789 1243 1832 sis
1260 1788 1367 1833 vide.

130 1854 181 1900 Si
203 1855 398 1900 molestus
417 1857 499 1903 sis,
518 1856 664 1903 evades
688 1874 940 1920 numquam.
959 1860 1060 1921 quin
1081 1870 1121 1903 te
1137 1863 1401 1926 sacruficem.

199 2012 654 2053 AMPHITRUO,
695 2017 1082 2053 BLEPHARO,
1119 2018 1336 2053 SOSIA.

533 2127 1004 2163 AMPHITRUO.

135 2175 340 2296 DII
368 2254 554 2290 vostram
570 2244 749 2306 fidem!
782 2261 888 2307 quae
916 2247 1186 2313 intemperiae
1214 2259 1405 2296 nostram

131 2330 134 2334 ·
395 2327 533 2376 agunt
545 2314 804 2378 familiam!
830 2334 936 2379 quae
961 2320 1074 2364 mira

146 2386 293 2437 Video,
316 2400 541 2453 postquam
577 2388 751 2434 advenio
780 2392 991 2454 peregre!
1022 2409 1123 2439 nam
1149 2410 1295 2440 verum
1323 2393 1406 2441 ἴτε,

387 2462 498 2525 q‘uod
520 2462 619 2513 olim
646 2474 708 2507 est
735 2464 927 2511 auditum
