1650 2826
95 210 218 259 ἀτη
405 186 692 241 ACTUS
741 186 842 235 IV.
899 185 1005 234 SC.
1057 190 1094 234 I.
1316 190 1373 251 83

0 297 7 313 ’“
34 328 38 331 >
97 301 347 367 Siquidem
373 316 458 347 vos
485 297 625 345 voltis
647 292 958 363 auscultando
991 309 1184 353 operam
1219 292 1341 340 dare.

99 378 190 430 Ibo
222 377 372 432 intro,
399 380 619 418 omatum
651 364 859 430 capiam,
892 365 978 426 qui
1008 366 1131 427 potis
1162 365 1310 411 decet.

20 491 27 499 .
100 449 228 495 Dein
246 460 428 501 sunum
452 439 701 501 ascendam
722 439 774 485 in
796 450 980 485 tectum
997 472 1012 497 ‚
1031 450 1087 484 ut
1104 438 1243 484 illum
1263 439 1378 484 hinc

16 1044 27 1066 ·-
7 913 38 1030 Memfim
5 851 16 902 “

301 560 305 563 ,
352 513 645 578 pr‘ohibearn.

370 662 423 718 A
486 659 535 717 C
602 658 654 715 T
718 658 775 716 U
842 658 897 715 S.
969 659 1149 719 IV..

522 798 843 867 scENA
907 799 947 845 ι.

447 929 1044 988 AMPHITRuo'.

106 1001 211 1116 N
214 1077 505 1114 AUCRATEM
540 1081 690 1126 quem
723 1065 979 1112 convenire
1013 1065 1173 1124 volui,
1199 1065 1250 1111 in
1275 1067 1386 1114 navi

359 1156 462 1186 non
491 1151 616 1185 erat:
1003 1185 1007 1187 Α

108 1212 281 1274 Neque
297 1212 430 1259 domi
442 1247 456 1269 ‚
470 1227 632 1272 neque
648 1211 698 1257 in
711 1210 830 1257 urbe
845 1211 1038 1259 invenio
1059 1229 1356 1275 quemquam
1370 1247 1386 1272 ‚

363 1285 446 1345 qui
474 1285 613 1330 illum
637 1283 819 1329 viderit.

113 1352 238 1401 Nam
268 1357 420 1402 omnis
441 1358 613 1417 plateas
640 1356 905 1417 perreptavi
918 1390 931 1413 ,
953 1359 1190 1420 gymnasia
1215 1370 1261 1404 et
1284 1375 1387 1420 my*

361 1429 567 1488 topolia:

116 1496 264 1560 Apud
290 1500 558 1560 emporium
574 1533 588 1555 ,
609 1510 754 1559 atque
779 1500 829 1544 in
847 1501 1046 1545 macello
1059 1534 1073 1557 ‚
1094 1501 1144 1546 in
1170 1503 1390 1562 palaestra

368 1582 512 1630 atque
538 1571 588 1615 in
617 1570 721 1616 foro
741 1590 751 1615 ι

118 1643 194 1690 Ῑη
217 1642 488 1700 medicinis,
523 1643 574 1688 in
610 1642 878 1701 tonstrinis,
914 1643 1045 1705 apud
1080 1647 1232 1692 omnis
1266 1647 1391 1695 aedis

371 1729 523 1759 sacras.

118 1783 239 1832 Sum
281 1784 481 1832 defessus
529 1784 838 1847 quaeritando
853 1820 870 1845 ,
910 1801 1150 1848 nusquam
1196 1790 1391 1837 invenio

371 1859 663 1905 Naucratem.

121 1936 265 1984 Nunc
305 1937 507 1985 domum
544 1939 627 1985 ibo
644 1974 660 1996 ‚
692 1951 838 2001 atque
867 1956 928 1986 ex
961 1956 1110 1988 uxore
1137 1942 1259 1988 hanc
1290 1959 1393 1990 rem

372 2028 565 2077 pergam
597 2015 841 2074 exquirere
858 2049 872 2071 ‚

34 2093 43 2103 '
123 2093 247 2163 Quis
277 2092 417 2140 fiaerit
430 2129 444 2150 ,
481 2111 630 2154 quem
661 2106 855 2156 propter
882 2110 1050 2156 corpus
1076 2111 1217 2141 suum
1245 2095 1393 2155 stupri

376 2168 684 2228 conpleverit.

75 2313 79 2316 .
125 2244 250 2294 Nam
284 2263 363 2294 me
379 2281 393 2305 ‚
424 2264 570 2307 quam
602 2247 733 2294 illam
770 2249 1095 2308 quaestionem
1122 2248 1395 2310 inquisitam
1475 2288 1477 2292 ,

381 2319 526 2366 hodie
554 2321 767 2367 amittere
782 2357 796 2379 ‚

121 2397 398 2473 Mortuum}
420 2401 538 2446 satiu
564 2403 630 2449 ’st.
683 2402 766 2449 sed
801 2401 925 2449 aedis
958 2403 1268 2449 occluserunt.
1312 2418 1395 2448 eu-

383 2475 555 2537 gepae!

539 2554 546 2560 .
1054 2548 1093 2606 E
1125 2563 1152 2596 2
