1650 2826
111 191 240 238 ιφ
378 171 664 223 ACTUS
714 173 799 220 11.
851 171 951 221 SC.
995 174 1099 222 IV.
1304 194 1390 240 153

536 296 568 331 L
601 294 623 329 Ι
659 293 688 327 Β
723 293 758 326 A
794 295 827 327 N
866 294 900 326 U
938 293 975 328 S.

854 365 1029 412 Fecisse
1058 367 1160 412 satis
1188 368 1390 429 opinor:

114 439 238 487 Nam
255 439 354 488 vidi
378 440 474 487 huc
503 439 659 501 ipsum
686 438 921 487 adducere
948 439 1220 501 trapezitam
1247 439 1394 488 Eirae-

362 513 599 561 rambum.

526 611 557 645 L
594 611 623 644 E
660 612 692 645 o
728 613 762 645 N
797 612 817 645 1
855 612 890 645 D
927 612 976 645 A.

115 682 188 733 Sic
218 671 408 732 dedero.
442 683 571 745 prius
602 700 750 745 quam
783 683 988 740 credidi,
1019 683 1102 729 vix
1128 699 1257 730 anno
1283 696 1391 747 post

359 756 504 819 exegi.
784 774 789 778 ·

113 827 256 875 Nunc
291 829 483 892 satagit:
523 828 717 874 adducit
748 829 953 876 domum
986 828 1129 875 etiam
1156 830 1312 888 ultro,
1345 841 1392 878 et

360 904 516 950 scribit
542 921 782 950 nummos.

111 974 297 1027 Dromo
318 976 589 1025 mercedem
617 977 812 1023 retulit?

524 1074 557 1107 1.
592 1074 614 1106 1
650 1074 679 1106 Β
714 1074 747 1106 Α
784 1074 816 1106 N
852 1073 888 1105 U
926 1072 963 1106 s.

735 1143 738 1146 ⁴
778 1145 996 1192 Dimidio
1022 1146 1180 1196 minus
1204 1148 1388 1212 opinor.

28 1286 33 1289 γ
518 1246 550 1281 Ι.
584 1246 615 1283 E
652 1248 684 1281 o
718 1248 753 1281 N
789 1248 811 1281 1
848 1250 884 1282 D
919 1249 967 1284 A.

112 1316 249 1385 Quid
273 1318 544 1380 reliqiiom?

532 1415 562 1450 L·
598 1418 619 1450 1
655 1418 682 1449 B
720 1417 754 1450 A
787 1418 822 1450 N
858 1417 894 1449 U
931 1416 967 1450 s.

193 1479 334 1526 Aibat
350 1481 545 1529 reddere
563 1502 707 1546 quam
727 1492 970 1551 extemplo
990 1491 1232 1538 redditum
1247 1505 1386 1540 escet:

113 1550 237 1599 Nam
258 1553 472 1610 retineri,
501 1567 555 1601 ut
571 1591 584 1613 ,
610 1559 747 1618 quod
769 1560 824 1606 sit
852 1561 938 1607 sibi
966 1564 1140 1624 operis,
1163 1566 1388 1625 efficeret,

367 1626 591 1678 locatum,

497 1728 945 1770 LEONIDA.

111 1801 326 1865 Scyphos
344 1821 464 1866 quos
476 1810 679 1856 utendos
693 1811 803 1858 dedi
816 1814 1116 1876 Philodamo,
1130 1819 1384 1866 retulitne?

520 1911 950 1952 LIBANUS.
1471 1936 1475 1939 ’

109 1956 401 2007 Nonetiam.
1412 1986 1423 2008 o

488 2039 519 2073 L
554 2041 584 2073 Ε
622 2043 654 2075 o
689 2044 721 2075 N
757 2044 776 2076 1
813 2047 849 2078 n
884 2048 932 2080 A.

160 2108 314 2157 Hem!
329 2127 429 2159 non
440 2114 462 2159 Ξ)
475 2115 511 2160 si
521 2117 650 2172 velis,
664 2117 738 2174 da,
752 2120 1008 2168 commoda
1017 2123 1203 2171 homini
1214 2127 1382 2175 amico.
1391 2160 1405 2165 -»

482 2213 525 2248 Μ
559 2214 590 2247 Ε
625 2215 658 2248 R
693 2216 721 2249 c
755 2216 789 2249 A
827 2218 858 2250 Τ
890 2219 927 2255 ,ο
964 2221 1010 2253 R.

107 2281 226 2332 Perii
244 2284 422 2334 hercle!
433 2287 536 2354 jam
556 2288 631 2334 hic
653 2306 733 2336 me
749 2291 955 2356 abegerit
971 2311 1057 2342 suo
1075 2296 1201 2344 odio.

516 2387 548 2421 Ι.
584 2387 606 2422 1
641 2387 671 2422 Β
706 2388 742 2422 A
775 2390 808 2424 N
848 2390 882 2423 u
918 2390 957 2424 s.

906 2457 1376 2524 Heusjamsatistu‚
