1650 2826
209 189 374 226 v.110
502 164 791 220 A'c‘rns
843 166 881 213 1.
934 165 1128 214 sc.1.
1360 184 1415 228 17

146 285 208 333 Et
232 284 470 330 enimvero
495 278 724 341 quoniam
746 275 947 322 formam
969 277 1072 336 cepi
1091 275 1231 339 hujus
1250 275 1299 321 in
1315 292 1418 334 me,

403 365 451 400 et
471 362 643 398 statum
658 385 673 407 ‚

147 430 299 475 Decet
320 419 367 473 et
388 425 507 471 facta
526 438 777 483 moresque
801 420 940 485 hujus
970 419 1142 466 habere
1163 437 1241 466 me
1262 421 1424 466 similis

400 497 530 541 item.

149 574 316 633 Imque
346 585 425 615 me
456 569 638 614 malum
661 583 754 612 esse
777 576 993 628 oportet,
1017 563 1264 622 callidum,
1297 577 1426 611 astu-

401 653 508 687 tum
530 638 794 686 admodum
809 672 825 695 ,
1284 689 1289 693 μ

147 715 313 777 Atque
335 716 488 779 hupe,
512 714 609 758 telo
632 729 718 758 suo
738 712 853 767 sibi,
876 710 1052 756 malitia
1073 727 1099 755 a
1120 708 1298 756 foribus
1320 709 1426 770 pel-

403 787 510 832 lere.

151 860 246 907 Sed
268 859 388 922 quid
409 860 523 905 illuc
546 870 612 904 est
625 859 647 904 ?
670 858 859 904 coelum
880 868 1108 919 aspectat:
1134 855 1392 902 observabo
1408 890 1424 912 ,

407 948 553 993 quam
571 947 673 976 rem
694 940 810 994 agat.

646 1046 936 1080 SOSIA.

155 1132 293 1178 Certe
325 1131 496 1193 edepol
529 1131 622 1176 scio
639 1165 653 1187 ‚
684 1130 720 1175 si
750 1130 880 1175 aliud
916 1129 1184 1190 quidquam
1208 1130 1261 1174 ’st
1293 1131 1428 1190 quod

411 1203 623 1261 credam,
646 1214 727 1248 aut
750 1214 878 1248 certo
902 1202 1042 1248 sciam
1058 1237 1072 1260 ‚

156 1284 310 1331 Credo
345 1300 432 1348 ego
466 1284 553 1329 hac
581 1293 730 1328 noctu
756 1283 1062 1330 Nocturnum
1094 1282 1430 1328 obdormivisse

413 1355 611 1401 ebrium.

156 1427 280 1473 Nam
307 1443 467 1488 neque
490 1444 536 1472 se
559 1427 926 1488 Septemtriones
949 1441 1201 1488 quoquam
1222 1426 1274 1470 in
1296 1426 1430 1470 coelo

249 1550 251 1554 ¹
417 1511 708 1545 conmovent
723 1535 737 1556 ,

159 1569 331 1629 Neque
351 1585 397 1613 se
417 1569 554 1614 Luna
576 1584 825 1629 quoquam
841 1581 995 1615 mutat
1010 1604 1023 1626 ,
1043 1581 1187 1629 atque
1212 1570 1283 1615 uti
1301 1585 1433 1615 exor-

419 1651 467 1686 ta
488 1643 541 1687 'st
562 1645 717 1688 semel.
1411 1631 1420 1675 Ϊ

163 1712 263 1758 Nec
276 1713 684 1781 JugulaeQneque
705 1715 1001 1780 Vesperugo,
1024 1732 1185 1777 neque
1206 1716 1433 1780 Vergiliae

419 1788 657 1835 occidunt.

164 1859 235 1906 Ita
249 1860 404 1906 statim
426 1872 547 1906 stant
568 1863 695 1926 signa
713 1881 723 1908 ε
748 1878 909 1924 neque
928 1878 1030 1908 nox
1046 1879 1296 1924 quoquam
1320 1879 1434 1908 con-

421 1931 545 1976 cedit
569 1932 657 1979 die.

506 2037 1080 2073 MERCURIUS.

170 2125 311 2187 Perge
324 2158 336 2179 ‚
355 2139 454 2168 nox
466 2156 479 2179 ,
497 2134 553 2167 ut
572 2124 811 2184 occepisti!
837 2140 942 2187 gere
962 2127 1083 2186 patr-i
1105 2143 1287 2172 morem
1304 2144 1432 2174 meo:

162 2196 390 2258 *Optumo
419 2207 618 2257 optume
640 2209 889 2258 optumam
920 2212 1110 2260 operam
1140 2200 1242 2247 das:
1280 2188 1437 2248 datam

423 2270 619 2331 pulchre
641 2272 775 2316 locas,

656 2378 946 2414 SOSIA.

170 2457 339 2519 Neque
352 2474 439 2523 ego
453 2459 540 2504 hac
558 2469 699 2505 nocte
712 2458 975 2522 longiorem
989 2475 1068 2506 me
1079 2457 1244 2506 vidisse
1257 2473 1437 2528 censeo:

242 2531 326 2578 Vol.
344 2532 381 2575 I.
1152 2533 1189 2579 B

155 2650 165 2687 3
