1650 2826
211 203 301 252 188
581 202 625 249 A
657 203 687 251 s
721 205 746 250 1
778 203 825 250 N
859 205 900 251 A
934 206 976 253 R
1009 208 1034 253 1
1064 207 1121 253 Α.
1356 188 1530 275 ως

517 320 1167 362 ΑΒΘΥΒΙΡΡΠ5·.

202 400 358 447 Hem!
390 411 604 462 aspecta:
636 400 783 447 rideo.

517 501 1186 538 DEMAENETUS.

309 580 503 627 Utinam
519 615 533 639 ‚
559 583 683 628 male
710 584 796 644 qui
826 584 946 630 mihi
974 587 1176 643 volunt,
1202 585 1264 633 sic
1280 586 1494 636 rideant!

517 679 552 715 A
590 685 622 717 R
661 685 692 718 G
731 685 764 717 Y
801 687 834 719 R
869 669 889 718 i
926 687 954 719 P
990 688 1018 720 P
1056 687 1091 720 U
1129 688 1166 722 s.

199 752 306 802 Scio
339 753 569 816 equidem
611 756 931 816 quamobrem
966 774 1047 804 me
1066 792 1080 815 ,
1114 769 1276 820 pater,
1308 771 1362 807 tu
1404 763 1487 811 tri.-

451 840 570 874 stem
597 829 752 876 credas
782 846 913 876 nunc
929 830 1043 881 tibi;

201 909 331 980 Quia
347 909 485 956 istaec
501 922 568 956 est
585 922 760 957 tecum.
785 923 931 973 atque
949 929 1037 975 ego
1057 912 1256 972 quidem
1269 949 1286 973 ‚
1302 915 1457 963 hercle
1469 949 1484 974 ,

449 994 505 1028 ut
525 1000 694 1029 verum
721 984 810 1030 tibi
841 984 997 1030 dicam
1014 1017 1028 1040 ‚
1052 996 1183 1045 pater
1200 1020 1212 1041 ,

193 1064 266 1110 Ea
293 1079 364 1109 res
407 1065 531 1110 male
567 1064 742 1110 habet:
775 1080 831 1111 ac
856 1082 959 1111 non
995 1082 1076 1122 eo,
1108 1067 1230 1127 quin
1259 1068 1351 1114 tibi
1380 1085 1482 1115 non

449 1138 639 1200 cupiam
667 1155 792 1200 quae
814 1139 927 1186 velis
946 1159 957 1183 ι

190 1218 372 1266 Verum
405 1216 542 1262 istam
570 1234 693 1263 arna
747 1217 886 1263 aliam
919 1225 1084 1264 tecum
1117 1234 1211 1264 esse
1245 1218 1475 1281 equidem

445 1291 579 1338 facile
611 1293 788 1354 possim
823 1292 1021 1354 perpeti.

499 1399 1168 1436 DEMAENETUS.
1222 1370 1231 1376 ζ

188 1468 254 1517 At
277 1486 364 1534 ego
391 1470 514 1516 hanc
541 1471 670 1517 volo.

513 1570 548 1603 A
583 1571 617 1604 R
655 1570 687 1603 G
723 1570 757 1602 Y
793 1569 827 1602 R
861 1570 883 1602 1
920 1567 949 1603 1>
986 1569 1016 1603 Ρ
1047 1561 1089 1602 U
1128 1567 1166 1603 s.

413 1644 538 1708 Ergo
563 1655 675 1690 sunt
702 1659 826 1705 quae
856 1652 1063 1704 exoptas.
1096 1643 1217 1689 mihi
1241 1659 1364 1705 quae
1382 1631 1489 1709 ego'

806 1725 1032 1776 exoptem
1050 1749 1064 1772 ‚
1091 1717 1218 1762 volo.
1504 1714 1508 1715 ⁷

500 1815 1172 1849 DEMAENETUS.

185 1891 349 1938 Unum
374 1891 506 1938 hunc
525 1891 654 1937 diem
674 1900 921 1952 perpetere
934 1924 948 1948 ‚
970 1890 1204 1951 quoniam
1220 1890 1310 1937 tibi
1332 1902 1470 1954 pote-

432 1977 603 2012 statem
640 1965 782 2022 dedi,

182 2045 311 2092 Cum
337 2046 424 2093 hac
456 2063 639 2093 annum
664 2057 719 2092 ut
739 2061 852 2091 esses
869 2079 883 2103 ,
908 2055 1055 2107 atque
1083 2046 1259 2093 amanti
1289 2048 1466 2112 argenti

435 2118 526 2165 feci
548 2119 751 2181 copiam.

493 2216 528 2250 A
562 2220 596 2252 R
634 2218 665 2251 c
704 2218 738 2250 Y
777 2219 810 2252 R
845 2218 867 2251 1
901 2217 929 2250 P
968 2219 997 2253 P
1033 2219 1069 2252 u
1104 2199 1142 2254 ἐ.

179 2286 309 2334 Hem
333 2288 449 2336 istoc
479 2307 558 2336 me
577 2289 701 2337 facto
727 2291 815 2337 tibi
840 2291 1069 2341 devinxti.

484 2401 521 2434 D
554 2401 585 2434 Ε
622 2402 665 2434 Μ
702 2402 737 2434 Α
772 2403 802 2435 Ε
839 2403 872 2435 Ν
911 2403 941 2436 Ε
979 2404 1010 2435 Τ
1046 2403 1081 2435 U
1116 2402 1155 2437 s,

635 2474 771 2542 Quin
790 2486 838 2521 te
862 2491 971 2540 ergo
998 2475 1202 2523 hilarum
1225 2475 1303 2524 das
1327 2479 1467 2526 mihig
1495 2505 1500 2509 f
