1650 2826
238 190 330 240 4²⁴²
577 170 1188 220 CAPTEIVEI.
1388 189 1526 235 v.24

235 287 396 334 Nemo
411 282 547 329 ridet.
565 282 677 328 scivi
698 282 942 343 externplo
960 297 1062 326 rem
1083 280 1143 326 de
1162 291 1394 342 conpacto
1413 282 1521 345 geri.

236 361 310 407 Ne
325 376 490 406 canem
507 357 706 418 quidem
724 356 960 401 inritatam
977 355 1134 401 voluit
1149 354 1404 416 quisquam
1418 355 1522 401 imi-

494 431 642 477 tarier.

235 506 412 555 Saltem
434 541 447 563 ‚
470 506 504 550 si
520 521 619 551 non
636 502 907 560 arriderent,
924 501 1091 549 dentes
1109 513 1165 548 ut
1178 502 1522 566 restringerenn

235 583 374 629 Abeo
395 582 453 628 ab
476 582 563 626 illis
577 616 590 636 ,
613 591 871 642 postquam
891 578 1034 624 video
1051 592 1130 623 me
1149 577 1211 623 sic
1229 577 1522 623 ludificarier.

235 658 386 722 Pergo
411 656 472 702 ad
496 655 608 700 alios
623 689 636 711 ,
659 654 802 700 venio
827 653 888 699 ad
915 653 1055 710 alios,
1087 652 1261 698 deinde
1290 652 1349 698 ad
1378 652 1490 698 alios
1510 671 1520 698 :

492 746 588 775 una
613 746 694 775 res.
1512 716 1521 729 ²

240 805 425 851 Omnes
461 814 695 865 conpacto
733 817 835 848 rem
868 810 1050 865 agunt5
1081 801 1214 862 quasi
1246 801 1296 846 in
1332 798 1525 846 velabro

496 876 667 923 olearii.

239 949 383 996 Nunc
406 949 550 995 redeo
577 947 716 1004 inde,
749 946 978 1008 quoniam
1011 962 1090 992 me
1114 947 1181 993 ibi
1203 946 1346 994 video
1368 945 1530 992 ludifi-

491 1022 644 1067 carier.

237 1098 363 1145 Item
389 1095 466 1141 alii
493 1094 679 1213 {arasiti
707 1093 873 1140 frustra
898 1092 1276 1141 obambulabant
1298 1093 1348 1138 in
1370 1093 1490 1139 foro.

235 1169 380 1215 Nunc
412 1169 496 1214 bar
532 1168 648 1213 arica
679 1168 781 1231 lege
811 1178 994 1212 certum
1011 1167 1065 1212 ’st
1081 1168 1160 1230 jus
1182 1182 1350 1212 meum
1378 1182 1523 1212 omne

495 1256 729 1302 persequl.

238 1315 342 1385 Qui
388 1314 646 1360 concilium
694 1313 839 1359 iniere
858 1346 873 1370 ‚
905 1328 1006 1373 quo
1047 1327 1135 1358 nos
1170 1311 1303 1359 victu
1337 1321 1386 1357 et
1414 1311 1511 1368 vita

498 1388 786 1449 prohibeant
803 1422 816 1444 ‚

237 1462 324 1509 His
364 1461 495 1507 diem
534 1461 687 1506 dicam
709 1496 722 1518 ,
755 1459 984 1524 inrogabo
1022 1460 1227 1506 multam
1255 1476 1266 1502 z
1307 1468 1365 1505 ut
1403 1457 1524 1503 mihi

499 1553 666 1583 coenas
691 1536 859 1582 decem

236 1613 349 1659 Meo
383 1611 608 1657 arbitratu
647 1611 764 1657 dent
781 1646 795 1669 ‚
823 1627 977 1673 quom
1008 1626 1110 1657 cara
1134 1625 1324 1656 annona
1349 1611 1419 1656 sit.
1460 1607 1524 1655 sic

501 1703 653 1750 egero.

235 1759 380 1806 Nunc
416 1760 499 1805 ibo
535 1760 594 1805 ad
623 1770 823 1821 portum
851 1760 979 1806 hinc.
1025 1770 1092 1805 est
1133 1758 1230 1804 illic
1270 1758 1390 1803 mihi
1423 1773 1520 1803 una

495 1850 594 1894 spes
626 1832 865 1878 coenatica
886 1852 895 1877 ε

237 1903 287 1952 Si
306 1921 360 1952 ea
376 1904 612 1952 decolabit
626 1940 639 1959 ,
657 1906 824 1953 redibo
842 1907 939 1953 huc
957 1904 1019 1952 ad
1034 1919 1196 1951 senem
1214 1938 1229 1961 ,
1245 1903 1308 1951 ad
1321 1919 1521 1951 coenam

488 1995 712 2039 asperam.

599 2104 982 2157 SCENA
1048 2108 1146 2154 ΙΙ.

727 2249 1043 2285 HEGIO.

236 2318 482 2488 QUID
516 2395 583 2429 est
618 2387 832 2443 suavius,
873 2401 1021 2446 quam
1052 2382 1177 2428 bene
1215 2395 1316 2426 rem
1356 2395 1513 2443 gerere

493 2456 627 2504 bono
649 2458 882 2520 publico?
911 2457 1031 2504 sicut
1053 2470 1140 2519 ego
1157 2453 1248 2501 feci
1263 2453 1364 2499 heri
1379 2487 1395 2512 ,
