1650 2826
132 226 220 271 ¹⁶3
453 200 867 286 ..ACTUS
934 200 995 251 V.
1306 218 1401 267 275

137 317 276 362 Abeat
303 314 371 361 hic
390 312 599 361 Strobilus
621 315 666 358 in
685 312 844 358 malam
873 311 976 357 liber
997 326 1162 358 crucem
1175 345 1193 360 ‚

135 387 263 434 Modo
293 386 401 432 milti
425 395 615 450 apportet
637 384 781 429 aulam
807 399 912 429 auro
929 400 1040 448 puro
1062 401 1240 446 gravem
1252 414 1275 444 ⁹.

144 457 204 504 Ut
223 458 467 506 Euclionem
487 470 672 502 socerum
700 470 753 502 ex
781 457 898 502 luctu
918 456 1137 503 retraham

139 529 213 574 Ad
234 529 523 575 hilaritatem,
549 538 592 572 et
617 526 724 572 mihi
757 527 971 579 concilim
987 527 1139 591 filiam
1153 540 1173 578 ,·

138 599 210 646 Ex
236 616 453 664 conpressu
477 614 566 643 meo
594 614 746 644 novam
770 613 1034 661 puerperam.

139 671 226 718 Sed
250 688 341 718 ecce
367 670 478 717 redit
510 681 685 715 onustus
714 669 936 715 Strobilus.
968 681 1018 715 ut
1040 685 1166 719 reor,

141 746 297 792 Aulam
330 756 539 810 apportat.
573 756 616 789 et
643 755 753 789 certe
787 754 850 788 est
878 742 1007 792 aula,
1030 760 1156 807 quam
1181 744 1313 806 gerit.

495 841 518 877 S
556 841 587 875 Τ
621 842 655 874 R
689 840 723 873 Ο
759 839 787 872 Β
822 839 844 873 Ῑ
879 839 910 872 Ι.
944 840 981 873 U
1015 840 1054 875 S·

142 909 374 972 Lyconide,
401 920 572 975 apporto
598 909 814 955 inventum
827 910 1084 973 promissum
1114 909 1215 959 tibi,

143 980 299 1038 Aulam
326 982 423 1026 auri
448 979 760 1044 quadrilibrem.
791 997 893 1026 num
917 996 1036 1026 serus
1046 979 1173 1043 fui?

488 1070 520 1103 1.
554 1069 590 1103 Y
622 1070 651 1103 C
688 1070 721 1104 O
756 1070 791 1104 N
824 1070 846 1103 Ῑ
880 1070 917 1103 D
952 1071 984 1104 E
1019 1069 1057 1104 S.

146 1135 317 1200 Nempe.
338 1153 360 1181 ο
378 1135 463 1181 Dii
478 1138 745 1185 inmortales,
764 1137 869 1199 quid
879 1137 996 1184 video
1008 1172 1023 1186 ,
1042 1149 1121 1184 aut
1135 1137 1239 1202 quid
1250 1136 1414 1187 habeo?

147 1206 254 1251 Plus
278 1218 497 1251 sexcentos
525 1207 762 1270 Philippeos
789 1220 854 1253 ter
884 1220 927 1253 et
957 1221 1122 1272 quater.

148 1276 234 1320 Sed
264 1293 471 1322 evocemus
496 1276 738 1324 Euclionem
760 1282 970 1342 protinus.

157 1348 196 1392 Ο
227 1346 407 1397 Euclio,
431 1347 615 1395 Euclio!

486 1446 533 1480 M
566 1447 597 1478 E
634 1447 664 1480 G
700 1447 736 1480 A
769 1447 805 1480 D
842 1446 875 1480 Ο
910 1446 945 1480 R
979 1444 1016 1478 u
1049 1446 1088 1480 S.

644 1514 816 1565 Euclio,
846 1514 996 1562 Euclio
1014 1518 1034 1561 Ι

597 1605 969 1641 EUCLIO.

1048 1664 1293 1739 Quidest?

505 1756 670 1792 LYC
706 1757 739 1792 Ο
773 1758 996 1792 NIDE
1032 1758 1069 1792 S·

160 1816 379 1869 Descende
398 1822 457 1868 ad
471 1839 573 1870 nos-‚-
599 1840 699 1870 nam
722 1822 809 1870 Dii
829 1836 870 1871 te
896 1838 1111 1874 servatum
1129 1828 1291 1878 volunt.-

160 1895 376 1942 Habemus
404 1896 557 1942 aulam.

615 1981 646 2013 E
682 1979 718 2013 u
752 1981 780 2014 c
813 1981 844 2014 1.
878 1981 900 2014 1
935 1980 983 2032 οἵ

609 2046 889 2094 Habetisne?
920 2066 975 2094 an
1003 2065 1073 2094 me
1098 2049 1339 2098 deluditis?

509 2138 542 2172 I.
576 2139 610 2172 Y
644 2139 671 2172 C
709 2140 741 2172 0
776 2140 811 2172 N
844 2141 865 2173 I
900 2141 936 2173 D
970 2141 1001 2173 E
1036 2141 1074 2175 S.

165 2206 380 2254 Habemus
394 2241 410 2266 ,
429 2210 611 2272 inquam.
635 2209 780 2256 modo,
799 2211 839 2254 si
853 2222 990 2273 potes,
1013 2211 1102 2282 huc·
1121 2211 1285 2262 advola.

613 2295 644 2327 E
679 2295 714 2329 U
749 2297 775 2328 c
808 2295 839 2327 Ι,
874 2296 894 2328 1
931 2297 977 2329 ο.

177 2359 215 2404 Ο
243 2378 394 2422 magne
424 2359 659 2426 Juppiter!
684 2379 706 2407 ο
738 2362 828 2408 Lar
845 2362 1119 2426 familiaris,
1147 2376 1190 2412 et

171 2429 336 2492 Regina
362 2432 504 2495 June,
531 2447 574 2481 et
602 2447 739 2482 noster
766 2435 1025 2484 thesaurarie

1090 2509 1172 2559 52
