1650 2826
450 184 1065 238 EDITIONES.
1258 196 1448 241 xxxrx'-

360 307 470 344 tum
484 295 766 369 prejudicio
788 311 892 352 suc,
914 295 1071 342 nescio
1085 310 1146 342 an
1166 295 1226 342 ab
1245 297 1439 361 ingenio

360 358 516 408 Plauti
527 362 697 418 aheno,
708 371 973 407 correctum
983 361 1178 422 praeivit
1195 364 1350 419 aetati,
1361 364 1440 408 cui

360 442 541 473 nomen
555 425 915 472 Gronovianum
930 442 1021 487 pro
1042 426 1322 472 auctoritate
1343 428 1438 472 coli

359 491 516 537 visum
533 502 621 541 est;
641 491 855 552 quamvis
870 502 1012 537 notae
1034 490 1094 537 ab
1114 507 1172 536 eo
1192 503 1439 555 congestae

362 554 626 602 habeantur
638 555 858 620 indignae
869 557 1054 613 Plauto,
1066 566 1114 602 et
1132 572 1157 601 a
1167 556 1299 602 Rich.
1309 557 1403 601 Ben
1410 567 1441 601 t-

361 621 471 685 Iejo,
499 620 660 667 critico
687 632 735 667 et
757 621 1002 667 temerario
1032 631 1080 667 et
1102 622 1154 666 in
1176 622 1288 667 alios
1308 637 1440 667 seve-

362 701 435 742 ro,
448 686 736 732 senariorum
747 698 966 732 versuum
981 686 1211 732 rationem
1222 702 1323 732 non
1337 687 1441 731 satis

360 762 652 811 perspectam
662 751 876 797 ‘habuisse
894 762 1110 815 arguatur
1130 751 1182 796 in
1200 750 1442 796 Emendd.

361 814 547 860 Criticis
565 816 626 861 ad
644 815 963 862 Menandrum
982 833 1030 877 p.
1047 831 1121 873 54.
1139 816 1441 861 Editionibus

362 879 597 925 Gronovii
615 880 757 942 ipsius
786 895 801 924 1
813 881 905 939 664
926 891 974 926 et
1005 881 1124 941 1669
1150 881 1288 926 tertia
1317 895 1333 924 1
1344 881 1438 939 684

362 944 668 1004 praestantior
698 946 909 991 habetur.
944 944 1039 991 Sed
1052 945 1149 1003 Jac.
1180 946 1439 1009 operarius,

360 1006 516 1055 Plauti
531 1009 581 1054 in
603 1024 743 1056 usum
758 1008 987 1071 Delphini
1003 1010 1158 1056 editor
1178 1011 1260 1064 167
1270 1025 1297 1070 9
1318 1010 1441 1056 Gru-

357 1074 585 1119 terianam
601 1073 695 1133 111,
711 1092 744 1120 s.
766 1076 827 1122 ab
840 1075 943 1137 ipso
954 1076 1157 1121 Grutero
1180 1084 1443 1120 correctore

366 1139 453 1185 162
466 1152 483 1182 1
503 1138 678 1185 editam
690 1174 703 1197 ‚
730 1140 818 1186 sibi
840 1140 1120 1186 imitandam
1141 1140 1306 1186 sumsit
1320 1174 1334 1196 ‚
1351 1138 1441 1184 nisi

363 1203 503 1264 quod
532 1216 803 1268 argumenta
835 1220 962 1250 nova
993 1221 1143 1266 eaque
1180 1204 1408 1266 ampliora
1423 1236 1441 1260 ‚

368 1283 430 1312 ex
450 1283 551 1328 quo
569 1270 701 1315 series
716 1267 900 1315 fabulae
916 1270 1129 1317 historica
1143 1286 1308 1330 arsque
1325 1270 1440 1314 Poe-

365 1342 442 1377 tae
473 1345 832 1395 cognosceretur
844 1369 857 1391 ,
891 1336 988 1396 ipse
1016 1352 1043 1380 a
1068 1353 1116 1381 se
1138 1337 1306 1395 scripta
1337 1350 1442 1379 non

367 1397 516 1442 modo
533 1398 698 1443 fabulis
725 1399 937 1462 integris,-
961 1399 1043 1445 sed
1061 1412 1109 1445 et
1139 1416 1299 1445 earum
1327 1399 1441 1443 acti-

320 1494 322 1497 *
367 1460 458 1505 bus
478 1463 790 1521 praemiserit;
813 1476 964 1510 cetera
984 1481 1095 1510 cum
1112 1462 1442 1523 Delphinianis

369 1524 477 1569 edd.
490 1528 762 1571 communia
771 1561 784 1583 ‚
794 1528 915 1573 nihil
927 1528 1097 1592 egregii
1110 1527 1287 1572 habent
1294 1561 1309 1586 ,
1318 1543 1398 1587 pra
1404 1543 1443 1571 e-

367 1598 438 1632 ter
453 1589 587 1648 quod
599 1590 650 1634 in
662 1590 784 1635 notis
792 1592 1109 1637 Taubmanno
1122 1592 1282 1654 magis,
1295 1608 1443 1652 quarn

370 1650 635 1710 Lambino,
658 1664 706 1699 et
731 1655 906 1716 scriptis
925 1656 985 1702 ad
1002 1671 1100 1701 oras
1125 1656 1199 1701 ed.
1220 1655 1443 1702 Sambuci

369 1712 688 1763 Plantiriianae
708 1719 830 1764 notis
840 1720 935 1778 Jac.
951 1720 1227 1777 Corbinelli,
1246 1721 1444 1766 Floren-

368 1780 458 1825 tini
472 1815 486 1837 ‚
505 1784 907 1844 propraeceptoris
925 1785 1042 1830 olim
1055 1785 1312 1845 Delphini,
1332 1802 1444 1831 usus

366 1856 446 1890 est.
463 1845 558 1891 Has
572 1847 784 1908 Operarii
799 1859 935 1894 notas
947 1850 998 1894 in
1011 1849 1245 1911 Amphitr.
1259 1850 1444 1910 Captiv.

370 1910 553 1970 Epidic.
583 1923 631 1956 et
665 1912 789 1957 Rud.
816 1914 1026 1959 reddidit
1046 1915 1098 1959 in
1129 1914 1297 1978 Anglia
1321 1915 1445 1960 Sam.

365 1974 546 2020 Patrick
561 1992 631 2020 an.
650 1991 669 2020 1
682 1991 735 2032 72
742 1993 766 2037 3
775 2013 785 2022 .
800 1978 1032 2041 MaJ'Orern
1043 1979 1235 2024 laudem
1250 1979 1302 2024 in
1316 1980 1449 2025 Plau·

370 2048 424 2084 to
442 2039 733 2086 emendatius
754 2041 945 2087 edendo
961 2043 1183 2088 invenere
1198 2042 1355 2089 fratres
1367 2043 1447 2100 Jo.

369 2101 480 2148 Ant.
502 2115 551 2150 et
568 2104 760 2151 Hieron.
778 2107 972 2152 VULPH
993 2123 1066 2152 an.
1092 2122 1110 2151 1
1124 2120 1142 2160 7
1155 2123 1177 2153 Q
1184 2123 1209 2165 5
1229 2119 1276 2153 et
1301 2108 1446 2167 1764,

369 2169 455 2226 qui
478 2181 744 2228 sequuntur
768 2173 974 2217 maxime
1001 2171 1447 2219 Taubmannianam

296 2274 301 2278 .
372 2231 577 2290 Gruteri‚
596 2235 671 2278 cui
685 2234 781 2280 fere
798 2236 1100 2282 Gronoviana
1116 2238 1255 2296 1684,
1266 2249 1312 2283 et
1326 2238 1450 2284 Lon-

370 2295 574 2344 dinensis
606 2298 750 2345 Mich.
776 2301 999 2347 Maittarii
1035 2316 1054 2346 1
1067 2315 1087 2356 7
1099 2317 1118 2346 1
1131 2316 1150 2346 1
1193 2313 1241 2348 et
1270 2302 1449 2348 Beroli-

370 2362 524 2406 nensis
534 2362 577 2420 J.
603 2363 653 2409 P.
672 2365 851 2411 Miilleri
872 2380 889 2409 1
904 2379 923 2419 7
932 2381 957 2423 5
963 2382 989 2424 5
1011 2367 1334 2413 assentiuntur.
1360 2369 1449 2414 Pa÷

340 2479 351 2487 Ι
368 2425 561 2473 risiensis
576 2441 696 2489 1759
715 2440 944 2493 typorum
958 2432 1184 2496 elegantia
1201 2448 1445 2479 commen-

1133 2512 1223 2556 04
