1650 2826
235 224 301 275 '14
504 206 1163 257 AMPHITRUO.
1359 226 1490 274 v-51'

233 315 286 366 Si
313 316 412 362 sine
439 314 490 362 vi
521 325 569 361 et
600 315 698 362 sine
726 315 857 362 bello
885 316 1036 365 velint
1067 327 1202 380 rapta
1235 327 1284 365 et
1314 332 1522 383 raptores

496 389 677 436 tradere
698 424 713 448 ,

235 463 312 525 Si,
345 480 468 527 quae
502 475 831 526 asportassent,
863 463 1146 517 redderent3
1181 481 1228 513 se
1261 468 1524 523 exercitum

498 539 743 600 extemplo
769 538 974 589 domum

233 609 599 669 Reducturum,
629 610 838 657 abituros
862 627 972 675 agro
1004 609 1226 675 Argivos,
1254 628 1422 674 pacem
1453 623 1525 662 at·-

497 699 594 744 que
618 683 775 728 otium

238 757 365 808 Dare
399 756 501 802 illis.
543 756 614 801 sin
647 755 779 800 aliter
812 756 932 802 sient
962 757 1184 816 animati,
1212 774 1375 820 neque
1408 759 1524 808 dent

500 846 623 890 quae
644 840 777 891 petat
798 849 807 874 :

236 902 347 951 Sese
381 903 524 967 igitur
552 919 739 948 summa
768 902 817 953 vi
847 902 1052 965 virisque
1085 920 1254 954 eorum
1289 904 1526 969 oppidum

504 991 856 1039 expugnassere.

238 1049 372 1096 Haec
401 1047 487 1094 ubi
513 1047 736 1093 Telebois
773 1047 938 1094 ordine
973 1049 1226 1109 iterarunt,
1252 1066 1373 1113 quos
1393 1067 1528 1115 praes·

500 1121 671 1168 fecerat

184 1236 190 1241 .
238 1198 571 1262 'Amphitruo-
609 1197 899 1262 magnanimi
921 1198 1009 1246 viri
1036 1197 1143 1245 freti
1163 1200 1366 1259 virtute,
1390 1212 1437 1250 et
1457 1201 1528 1249 vi-
1583 1245 1593 1250 ,

503 1273 632 1320 ribus

239 1348 468 1411 Superbi,
487 1346 626 1398 nimis
641 1345 856 1397 ferociter
873 1347 1048 1409 legatos
1070 1357 1252 1393 nostros
1270 1348 1528 1410 increpant.

241 1420 580 1484 Respondent,
601 1420 730 1466 bello
754 1436 800 1466 se
825 1430 872 1465 et
894 1436 1001 1469 suos
1024 1420 1166 1491 tutari
1186 1437 1344 1482 posse:
1366 1422 1532 1484 proin-

505 1494 565 1539 de
585 1492 658 1539 uti

239 1568 447 1630 Propere
472 1568 532 1618 de
554 1566 728 1615 finibus
751 1565 840 1616 suis
864 1566 1092 1613 exercitus
1115 1565 1420 1614 deducerent.

244 1640 376 1687 Haec
396 1641 481 1687 ubi
499 1640 639 1705 legati
657 1640 910 1701 pertulere,
928 1638 1218 1700 Amphitruo
1238 1642 1386 1687 castris
1404 1642 1532 1690 illico

242 1714 472 1761 Producit
496 1731 694 1765 omnem
718 1714 993 1764 exercitum.
1025 1726 1189 1760 contra
1210 1715 1449 1761 Teleboae
1472 1732 1532 1762 ex

505 1785 687 1846 oppido

235 1858 478 1923 Legiones
519 1859 735 1906 educunt
778 1875 878 1909 suas
898 1893 913 1915 ,
957 1859 1097 1906 nimis
1140 1862 1349 1922 pulchris
1392 1859 1528 1908 armis

503 1932 743 1994 praeditas.

244 2010 504 2069 Postquam
529 2008 773 2069 utrimque
797 2009 980 2054 exitum
1002 2009 1056 2054 ’st
1077 2024 1303 2056 maxuma
1324 2011 1488 2072 copia,

244 2082 491 2145 Dispertiti
512 2083 626 2140 viri,
652 2082 880 2144 dispertiti
904 2082 1087 2128 ordines
1108 2102 1117 2127 :

244 2155 345 2203 Nos
383 2166 558 2201 nostras
593 2172 728 2202 more
762 2166 924 2205 nostro
960 2166 1007 2200 et
1039 2154 1190 2201 modo
1225 2155 1531 2203 instruximus

506 2229 724 2292 legiones.

239 2301 374 2351 Item
398 2302 552 2347 hostes
575 2313 737 2347 contra
762 2302 969 2366 legiones
985 2318 1090 2348 suas
1112 2303 1375 2349 instruunt.

250 2373 441 2423 Deinde
465 2375 656 2435 utrique
680 2376 981 2438 imperatores
1003 2377 1052 2422 in
1075 2376 1291 2422 medium
1311 2388 1492 2423 exeunt

250 2448 396 2501 Extra
416 2448 605 2495 turbam
631 2450 880 2499 ordinum.
906 2452 1268 2511 conloquuntur
1289 2450 1442 2496 simul.

254 2519 520 2572 Convenit;
544 2522 656 2568 victi
678 2523 773 2569 utri
793 2523 884 2570 sint
906 2540 963 2569 eo
986 2524 1167 2585 proelio
1182 2558 1198 2583 ,
