1650 2826
217 212 309 258 394
573 193 1261 271 CAPTEIVEI.¹
1381 215 1493 260 v.4

215 303 326 348 Istas
349 303 545 368 majores
562 338 575 361 ,
603 305 778 365 quibus
803 317 914 351 sunt
938 306 1086 352 vincti
1103 306 1322 362 ‚vdemito
1339 339 1353 363 ,

217 376 368 423 Sinito
399 378 639 425 ambulare
657 414 670 436 ‚
700 380 734 425 si
761 379 893 436 foris,
926 380 962 426 si
993 381 1120 426 intus
1142 382 1333 431 volent;

217 447 311 495 Sed
338 451 409 497 uti
437 464 724 498 asserventur
751 469 919 516 magna
949 453 1204 518 diligentia.

219 523 363 570 Liber
390 526 625 586 capteivos
655 527 749 573 avis
783 527 904 574 ferae
937 528 1186 574 consimilis
1210 538 1304 574 est:
1356 567 1363 571 .

218 599 376 645 Semel
405 599 620 664 fugiendi
651 602 687 647 si
721 602 827 648 data
843 603 897 648 'st
927 602 1132 659 occasio,

168 703 174 708 --
218 671 334 718 Satis
367 686 463 722 est:
502 692 775 738 numquam
806 677 993 740 postilla
1027 677 1170 739 possis
1196 674 1444 738 prendere.

601 778 1114 813 LORARIUS.

201 849 407 916 ¹Omnes
439 850 654 912 profecto
684 853 817 898 liberi
843 853 1086 899 lubentius

224 921 429 982 Sumus,
464 940 611 985 quam
644 926 882 971 servimus,

711 1025 746 1058 H
778 1025 808 1058 E
847 1024 879 1057 G
914 1025 934 1057 1
973 1025 1022 1058 ο.

817 1092 931 1158 Non
949 1092 1110 1139 videre
1132 1092 1197 1139 ita
1214 1101 1271 1137 tu
1291 1087 1503 1152 quidem.

606 1186 636 1219 L
674 1186 705 1219 o
742 1187 776 1219 R
811 1187 846 1219 A
880 1187 914 1220 R
950 1186 970 1219 1
1007 1186 1042 1218 U
1081 1187 1120 1220 s.

234 1246 284 1294 Si
317 1266 419 1297 non
453 1262 520 1298 est
550 1252 690 1312 quod
723 1252 835 1298 dem
855 1287 870 1311 ‚
899 1269 1043 1300 mene
1067 1252 1136 1300 vis
1165 1250 1279 1298 dem
1308 1249 1407 1312 ipse
1438 1248 1491 1294 in

482 1324 663 1387 pedes?

717 1431 752 1464 H
788 1431 818 1464 E
857 1430 890 1464 G
924 1431 945 1464 1
981 1430 1029 1464 ο.

233 1494 282 1542 Si
301 1495 481 1543 dederis
495 1533 508 1556 ‚
530 1499 615 1545 erit
633 1502 877 1563 extemplo
898 1499 1048 1557 mihi,
1072 1495 1210 1560 quod
1227 1494 1340 1540 dem
1356 1491 1457 1538 tibi·

614 1612 644 1645 L
682 1613 714 1646 o
751 1615 784 1646 R
821 1613 854 1646 A
893 1613 925 1646 R
962 1613 981 1645 1
1018 1610 1053 1643 U
1090 1609 1129 1644 s.
1194 1649 1196 1651 ‚
1306 1650 1309 1652 μ

238 1673 348 1721 Avis
370 1693 449 1722 me
472 1677 594 1725 ferae
622 1679 919 1726 consimilem
944 1677 1109 1723 faciam
1123 1709 1138 1733 ,
1157 1685 1215 1721 ut
1230 1672 1477 1736 praedicas.

727 1776 1042 1811 HEGIO.

238 1844 311 1890 Ita
336 1856 392 1891 ut
418 1846 542 1891 dicis.
576 1863 688 1892 nam
716 1848 751 1893 si
775 1847 887 1893 faxis
903 1883 917 1905 ‚
941 1860 989 1894 te
1016 1849 1067 1894 in
1097 1864 1286 1894 caveam
1309 1847 1449 1894 dabo,

242 1918 338 1965 Sed
355 1910 456 1964 satis
474 1920 732 1967 verborum
747 1922 814 1967 ’st·
834 1938 943 1968 cura
965 1939 1087 1983 quae
1105 1922 1218 1985 jussi
1235 1957 1247 1979 ,
1266 1933 1410 1982 atque
1426 1919 1512 1967 abi.

244 1990 347 2053 Ego
371 1989 453 2035 ibo
485 1991 544 2036 ad
565 1991 753 2038 fratrem
774 2028 786 2051 ,
813 1993 873 2039 ad
894 1993 1006 2039 alios
1033 1993 1268 2055 capteivos
1293 2007 1450 2038 meos:

239 2059 401 2106 'Visam
429 2076 490 2106 ne
523 2073 664 2107 nocte
689 2063 773 2109 hac
804 2064 1053 2126 quidpiam
1080 2064 1386 2111 turbaverint.

244 2133 364 2179 Inde
394 2148 473 2177 me
501 2134 733 2180 continuo
760 2135 982 2197 recipiam
1006 2152 1192 2182 rursum
1223 2136 1437 2182 domum.

570 2235 600 2267 E
638 2237 670 2269 R
707 2236 739 2268 G
776 2236 809 2268 A
847 2236 867 2270 S
903 2238 922 2270 1
957 2237 986 2269 L
1023 2236 1059 2268 U
1095 2235 1132 2268 S.

247 2306 397 2370 Aegre
429 2309 483 2354 ’st
512 2310 657 2367 mihi,
692 2311 822 2355 hunc
856 2308 1005 2355 facere
1035 2315 1284 2368 quaestum
1318 2319 1514 2350 carcera-

497 2382 621 2428 rium
643 2417 656 2439 ‚

249 2457 445 2519 Propter
471 2456 541 2501 sui
570 2456 699 2519 gnati
726 2457 959 2512 miseriam
980 2490 994 2512 ‚
1018 2454 1240 2500 miserum
1263 2467 1438 2498 senem.
