1650 2826
226 207 316 265 QQ
529 175 1121 248 'PROLOGUS
1319 210 1500 262 1wffl

219 312 489 380 ‘Aequom’sn
521 314 560 359 si
579 303 709 379 pater
733 313 972 375 obsequitur
988 314 1125 376 patri.

223 389 444 436 Asibidam
474 388 589 433 Ionii
611 404 676 431 me
697 387 888 432 vocitant
907 402 1089 446 greges,

273 462 356 508 uod
378 463 564 509 vecturio
588 453 717 515 'senex
743 457 876 506 vehar
907 459 1107 503 asinario.

222 462 317 654 {ui
348 537 449 583 sim,
477 536 639 580 tenetis.
672 535 711 578 si
743 533 916 580 tenetis,
942 533 1095 578 sinite,

273 620 291 653 t
314 624 459 653 nomen
484 608 609 673 liujus
631 604 801 668 eloquar
823 605 1062 651 statariae,

223 680 366 726 Simul
389 681 538 724 sciatis
571 679 630 724 ad
655 695 727 725 vos
754 694 829 722 cur
855 679 1055 724 venerim,

225 751 446 797 Philemon
484 750 694 806 Graecam
726 749 826 793 olim
858 747 975 792 dedit
997 745 1224 810 fabulam,

141 860 153 876 ,
224 823 387 870 Hanc,
418 824 490 885 qui
514 823 808 883 graecissant‚
844 816 1075 866 Evantides
1104 829 1373 885 nuncupant.·

224 896 405 943 Plotus,
435 897 508 958 qui
535 895 783 942 latinissat,
813 905 937 942 vocat
964 891 1218 939 Bacchides.

224 969 374 1043 Quare
402 987 480 1014 non
514 981 576 1013 est
603 970 782 1015 mirum,
813 969 852 1011 si
883 966 963 1011 lzuc
990 965 1242 1012 advenerim.

224 1042 425 1086 Bacchus
458 1041 725 1086 bacchanteis
756 1039 955 1086 Bacchas
979 1040 1118 1083 mittit
1146 1037 1410 1083 Bacchides.-

223 1112 315 1174 Ego
343 1113 402 1157 ad
427 1129 496 1159 vos
518 1124 657 1176 porte.
692 1111 796 1175 quid
805 1113 833 1155 ,2
859 1111 954 1156 dixi
981 1108 1289 1156 mendacium?

223 1184 323 1230 Non
361 1184 476 1228 decet
501 1185 676 1229 mentiri
702 1182 861 1228 Deum.
894 1193 943 1240 art
972 1196 1075 1228 vera
1093 1179 1276 1244 fabulor
1293 1198 1309 1224 .-

223 1256 324 1302 Non
353 1272 426 1316 ego
453 1273 523 1300 eas
546 1267 681 1319 porto.
719 1271 865 1301 verum
895 1253 1035 1299 salsus
1066 1252 1214 1297 asinus

231 1327 309 1372 Via
342 1327 554 1390 defessus,
588 1338 671 1371 tres
686 1361 701 1373 ,
731 1328 771 1370 si
804 1327 887 1371 rite
917 1340 1166 1372 memorem,

223 1399 328 1446 Fert
345 1418 358 1442 :
381 1416 511 1444 unum
528 1399 693 1445 videtis.
717 1415 812 1447 oro,
836 1397 941 1462 quid
947 1397 1099 1462 feram
1114 1432 1129 1445 ,
1152 1399 1335 1461 specite;

225 1473 355 1518 Duas
381 1491 541 1519 sorores
575 1472 894 1520 debacchanteis
915 1475 1116 1521 Samias,
1300 1469 1303 1471 ’

224 1543 471 1588 Meretrices
507 1545 693 1608 lepidas‚
726 1548 813 1590 *uno
842 1557 1086 1610 prognatos
1113 1555 1321 1610 tempore,

222 1616 379 1661 Iisdem
399 1617 678 1680 parentibus,
691 1616 822 1681 foetu
834 1617 1100 1679 ”gemellitz'co
1114 1651 1129 1664 ,

222 1688 320 1733 Non
350 1690 491 1733 minus
519 1689 721 1738 similas,
743 1706 870 1753 quam
895 1689 1000 1735 lacti
1031 1690 1123 1736 lac,
1147 1690 1187 1733 si
1212 1686 1429 1752 conferas,

222 1761 314 1804 Aut
347 1778 499 1822 aquam
536 1778 669 1823 aquae
691 1781 704 1806 :
735 1763 983 1808 dimidiatas
1018 1765 1227 1827 imputes,

222 1833 322 1879 Has
349 1836 390 1879 si
412 1835 600 1882 videres,
626 1837 691 1879 ita
717 1835 956 1899 confundas
978 1836 1144 1883 oculos,

227 1904 339 1951 Utra
374 1918 422 1951 ut
456 1908 547 1954 sit,
577 1923 659 1952 non
692 1923 820 1970 queas
853 1910 1147 1954 internoscere.

221 1976 354 2096 guod
368 1981 758 2043 ‚restatsexpetitis
782 1983 881 2047 jam
905 1980 1003 2027 date
1032 1978 1282 2026 silentium‚·

275 2054 370 2116 ujus
407 2065 707 2113 argumentum
743 2054 914 2117 eloquar
953 2051 1209 2098 Comoediae.

220 2123 371 2167 Samos
400 2140 507 2186 quae
531 2135 647 2170 terra
676 2127 761 2174 sit,
788 2136 892 2172 nota
919 2137 983 2173 est
1009 2125 1210 2171 omnibus.

220 2193 340 2238 Nam
365 2197 532 2244 maria,
569 2208 731 2246 terras,
767 2200 973 2246 monteis,
1005 2209 1129 2260 atque
1158 2194 1320 2243 insulas

225 2262 401 2310 Vostrae
433 2267 617 2327 legiones
645 2268 862 2315 reddidere
881 2265 1067 2333 pervias.

219 2335 323 2382 Hac
352 2338 571 2399 Pyrgotelz'
596 2341 796 2388 Sostrata
824 2343 998 2406 Pyrocle
1021 2345 1110 2389 viro

225 2406 318 2452 Uno
351 2408 483 2454 edidit
507 2425 671 2470 gnatas
702 2417 798 2459 nisu
822 2416 1030 2473 geminas.

221 2477 476 2542 Placuitque
505 2476 690 2528 initiatis
721 2483 765 2528 T
760 2483 955 2529 rieteride
