1650 2826
1372 176 1466 224 ¹¹¹3.

281 339 731 402 ACTUS
820 339 1385 406 PRIMUS.

613 488 1042 550 SCENAI.

319 640 711 680 LIBANUS,
761 643 1332 684 DEMAENETUS.

603 754 1037 798 LIBAnus.

194 844 443 956 Sum-r
484 919 628 955 tuum
662 909 731 956 vis
769 911 968 958 unicum
1005 905 1204 977 gnatum
1240 926 1354 963 tuae>

199 985 438 1049 Superesse
460 987 610 1044 vitae,
634 987 858 1049 sospitem
882 999 931 1035 et
955 990 1250 1051 superstitem
1269 1008 1281 1035 ι

196 1057 264 1104 Ita
288 1070 336 1105 te
362 1059 570 1106 obtestor
584 1093 599 1116 ‚
624 1072 711 1123 per
736 1072 1027 1108 senectutem
1062 1074 1223 1119 tuam,

197 1130 377 1192 Perque
400 1133 527 1179 illam
544 1168 558 1190 ‚
587 1149 736 1197 quam
765 1145 821 1180 tu
843 1136 1013 1180 metuis
1029 1168 1043 1191 ,
1072 1150 1274 1181 uxorem
1302 1145 1460 1182 tuam:

199 1201 247 1246 Si
274 1203 389 1262 quid
418 1204 531 1249 med
564 1222 668 1270 erga
692 1217 748 1251 tu
777 1206 921 1253 hodie
950 1205 1119 1253 falsum
1146 1206 1345 1266 dixeris,

198 1271 264 1317 Ut
291 1274 376 1319 tibi
406 1287 630 1335 superstes
654 1292 776 1322 uxor
806 1289 1008 1323 aetatem
1036 1278 1148 1324 siet:

199 1342 359 1406 Atque
386 1345 465 1390 ina
490 1346 597 1391 viva
624 1347 755 1392 vivos
784 1359 843 1393 ut
871 1360 1053 1409 pestem
1081 1362 1287 1413 oppetas.

517 1468 552 1500 D
586 1468 616 1499 Ε
651 1468 695 1500 Μ
728 1468 763 1501 A
796 1468 827 1499 E
860 1469 894 1501 N
929 1467 958 1499 Ε
996 1468 1026 1500 1·
1063 1469 1098 1502 U
1134 1469 1172 1503 s.

198 1546 285 1591 Per
313 1546 447 1592 dium
468 1548 657 1595 Fidium
681 1551 883 1610 quaeris:
914 1550 1216 1613 jurato⁰mihi

198 1618 353 1664 Video
379 1635 558 1665 necesse
586 1637 677 1668 esse
695 1622 898 1683 ,eloqui5
923 1622 1164 1684 quidquid
1191 1638 1344 1686 reges:

199 1691 270 1735 Ita
295 1707 373 1736 me
403 1693 633 1739 obstinate
659 1711 886 1758 aggressus
901 1729 914 1750 ,
947 1705 1000 1740 ut
1023 1710 1124 1740 non
1148 1696 1348 1743 audeam

197 1759 412 1806 Profecto
431 1795 445 1818 ,
471 1765 794 1823 percunctanti
825 1765 962 1825 quini
972 1781 1190 1825 pxomarn
1225 1767 1398 1812 omnia.

198 1833 400 1883 Proinde
428 1846 642 1883 actutum
674 1837 803 1884 istud
827 1838 947 1899 quid
971 1839 1053 1896 sit,
1082 1839 1219 1900 quod
1248 1841 1359 1887 scire
1386 1858 1467 1889 ex-

449 1908 566 1968 petis
586 1942 600 1965 2

197 1972 459 2038 Eloquere:
493 1992 548 2026 ut
572 1981 670 2042 ipse
699 1979 854 2037 scibo,
882 1991 931 2026 te
962 1981 1128 2028 faciam
1157 1993 1213 2029 ut
1245 1985 1364 2032 scias.

612 2095 644 2128 1.
677 2095 698 2127 1
733 2095 761 2127 B
796 2095 831 2131 A
863 2096 897 2127 Ν
931 2097 967 2129 u
1002 2098 1039 2131 s.

198 2165 312 2224 Dic,
341 2169 531 2216 obsecro
544 2205 558 2227 ‚
581 2171 736 2217 hercle
766 2174 882 2219 serio
897 2207 920 2231 ,b
937 2175 1073 2235 quod
1092 2187 1139 2224 te
1157 2195 1346 2246 rogem„

200 2239 322 2289 Cave
350 2244 419 2290 mi
447 2243 668 2290 mendaci>
693 2245 975 2306 quidquam.

499 2351 1162 2391 DEMAENETUS.

941 2428 1076 2499 Quin
1102 2440 1157 2476 tu
1181 2446 1289 2494 ergo
1302 2433 1466 2497 rogas?

1164 2501 1281 2566 H4.
