1650 2826
254 206 343 282 562
486 219 1238 270 CISTELLARIA.
1369 243 1522 287 v.105

248 330 375 378 Eum
401 346 601 376 uxor-em
625 329 885 375 ducturum
907 346 999 375 esse
1025 330 1175 376 aliam.

763 431 794 465 L
831 431 861 465 E
897 432 930 464 N
966 432 1016 465 A.

835 529 841 532 -
865 500 996 546 Nihil
1025 502 1175 547 amori
1203 502 1431 566 injurium
1454 504 1519 551 ’st.

639 602 661 636 S
697 603 719 635 1
756 602 787 636 Ι,
822 602 852 635 Ε
887 603 921 635 N
956 603 975 636 I
1015 602 1050 635 U
1086 604 1142 636 M.

245 682 387 728 Nunc
419 691 467 727 te
487 714 500 738 ,
530 679 701 726 amabo
722 714 736 738 ,
761 691 818 726 ut
847 681 969 726 hanc
1001 681 1095 727 hoc
1120 682 1336 729 triduum
1365 686 1523 731 solum

496 751 612 796 sinas
1267 758 1270 760 '
1516 786 1533 813 ὁ

176 864 177 867 ,
237 827 344 874 Esse
375 826 481 883 hic,
517 835 564 869 et
596 840 774 870 servare
807 824 937 886 apud
962 842 1066 886 me..
1086 842 1198 872 nam
1227 827 1288 872 ad
1317 818 1539 875 matrem²

493 896 700 942 axcessita
722 913 841 942 sum.
903 914 906 917 ·

754 997 849 1053 131⁴:
886 999 918 1031 N
954 999 1002 1031 A.

239 1079 552 1148 Quamquam
577 1075 698 1121 mihi
731 1075 857 1121 istud
881 1077 967 1122 erit
990 1077 1248 1125 molestum
1272 1076 1486 1125 triduum
1500 1113 1514 1136 ‚

493 1160 541 1195 et
574 1148 806 1211 damnum
836 1147 966 1194 dabis
986 1183 1000 1206 ,

234 1224 433 1271 Faciam.

623 1314 645 1348 S
681 1315 704 1348 I
740 1315 769 1347 L
805 1314 835 1347 E
870 1315 903 1347 N
938 1315 959 1347 1
998 1314 1033 1347 U
1068 1316 1126 1350 Μ.

427 1385 555 1430 Facis
583 1384 791 1448 benigne
819 1394 867 1429 et
889 1383 1051 1430 amice.
1081 1385 1164 1431 sed
1190 1397 1270 1444 tu,
1302 1387 1515 1450 Gymna-

1107 1475 1229 1505 smm
1258 1476 1391 1518 mea,

237 1531 380 1580 sime
397 1531 588 1577 absente
602 1529 971 1577 Alcesimaschus
984 1530 1165 1588 veniet,
1180 1532 1334 1578 nolito
1351 1533 1513 1579 acriter

238 1607 367 1653 Eum
398 1603 664 1650 inclamare.
689 1614 801 1650 utut
820 1620 925 1667 erga
949 1619 1027 1648 me
1056 1613 1122 1648 est
1148 1604 1367 1662 meritus,
1394 1604 1512 1650 mihi

490 1678 622 1724 cordi
648 1690 714 1723 est
740 1688 915 1723 tamen.

235 1751 356 1809 Sed,
381 1751 552 1798 amabo
567 1785 581 1808 ‚
607 1751 887 1811 tranquille:
914 1766 976 1796 ne
1000 1749 1120 1811 quid
1136 1783 1150 1807 ‚
1173 1749 1310 1810 quod
1333 1749 1403 1795 illi
1429 1750 1514 1796 do·-

486 1827 581 1871 leat
596 1859 610 1882 ,
646 1823 828 1870 dixeris.

233 1898 443 1960 Accipias
472 1897 608 1943 clavis
629 1931 643 1954 ‚
676 1897 712 1942 si
740 1896 861 1959 quid
891 1897 981 1944 tibi
1010 1913 1129 1958 opus
1161 1895 1247 1942 erit
1276 1906 1472 1959 promtu
1492 1930 1509 1954 ,

485 1981 709 2032 promito.

232 2045 334 2109 Ego
359 2046 472 2091 volo
496 2044 576 2088 ire.

575 2137 609 2171 G
643 2137 679 2169 Y
715 2137 757 2169 M
791 2136 826 2169 N
861 2135 895 2170 A
932 2135 954 2169 S
991 2134 1014 2168 I
1048 2134 1083 2166 U
1119 2133 1176 2167 M.
1221 2179 1225 2188 x

488 2215 554 2262 Ut
574 2215 642 2261 mi
667 2213 876 2260 excivisti
897 2212 1145 2259 lacrumas!

616 2317 639 2352 s
675 2317 695 2350 1
731 2315 761 2349 1.
795 2314 826 2347 Ε
863 2316 897 2349 Ν
931 2316 953 2347 1
989 2314 1025 2348 U
1061 2314 1119 2347 M.

1039 2382 1349 2445 Gymnasium
1369 2396 1499 2438 mea,

224 2452 351 2500 Bene
379 2455 493 2501 vale.
1294 2445 1299 2451 ⁵
