1650 2826
295 199 384 244 144
658 179 1196 228 ASINARIA.
1449 201 1568 245 ¹275

711 301 1153 337 LIBANUS.

291 380 485 440 Teneo:
521 399 668 451 atque
697 388 844 437 iidem
872 400 919 435 te
954 389 1066 436 hinc
1094 401 1329 437 vexerunt
1357 389 1575 437 vinctum

543 478 635 509 rus.
708 494 715 502 ·

711 556 744 590 L
779 556 810 590 E
847 557 878 591 o
915 557 948 590 N
985 557 1006 590 1
1043 558 1078 590 D
1114 529 1163 590 A.

1129 626 1316 673 Memor
1346 645 1390 674 es
1412 629 1575 690 probe.

292 690 498 748 Verum
514 698 564 744 in
597 696 831 743 tonstrina
871 707 927 742 ut
953 696 1204 755 sedebam,
1238 716 1316 744 me
1347 699 1452 746 infit
1477 718 1580 762 per·
1643 698 1650 700 ⁷

546 771 775 819 contarier
794 805 809 828 ,
909 819 920 834 ι

299 851 520 911 Ecquem
542 847 695 894 filium
715 846 940 893 Stratonis
966 847 1180 894 noverim
1198 828 1579 898 Demaenetum?

291 921 418 970 Dico
452 937 532 967 me
566 920 749 966 novisse
781 921 1056 981 extemp10‚-
1080 931 1130 966 et
1153 938 1232 968 me
1265 923 1362 986 ejus
1396 940 1578 971 servom

550 992 770 1055 praedico

296 1066 403 1114 Esse
417 1099 433 1125 ,
454 1075 502 1112 et
520 1064 645 1112 aedis
664 1063 978 1111 demonstravi
996 1074 1185 1110 nostras.

717 1178 748 1212 1.
782 1178 802 1211 1
839 1176 868 1211 Β
903 1179 937 1212 Α
973 1180 1006 1213 Ν
1045 1179 1080 1211 U
1117 1178 1154 1211 s.

1089 1255 1227 1327 Quid
1249 1266 1355 1302 turn
1379 1265 1540 1317 postea
1559 1254 1580 1300 P

721 1363 1170 1399 LEONIDA.

300 1448 381 1496 Ait
397 1464 444 1495 se
469 1447 534 1495 ob
556 1447 702 1493 asinos
723 1445 840 1491 ferre
858 1455 1105 1509 argentum
1128 1443 1311 1489 atriensi
1331 1441 1526 1489 Saureae
1539 1478 1554 1501 ,

301 1522 486 1588 Viginti
515 1521 676 1567 minas.
712 1519 796 1565 sed
827 1535 941 1564 eum
967 1535 1060 1565 sese
1089 1534 1190 1564 non
1219 1518 1400 1565 novisse
1429 1518 1584 1564 homi-

558 1611 672 1641 nem
697 1611 783 1655 qui
818 1604 927 1639 sret:

302 1672 467 1733 Ipsum
488 1686 602 1718 vero
632 1686 678 1715 se
700 1668 882 1714 novisse
906 1667 1070 1713 callide
1093 1667 1454 1714 Demaenetum.

305 1744 551 1815 Quoniam
581 1743 660 1788 ille
686 1743 900 1788 elocutus
930 1742 1043 1786 haec
1073 1741 1135 1786 sic
1152 1765 1214 1777 --

720 1850 1162 1888 LIBANUs.

958 1927 1275 1999 Quidtum?

709 2032 1160 2068 LEONIDA.

986 2120 994 2128 ·
1065 2107 1290 2154 Ausculta
1309 2121 1440 2170 ergo3
1459 2104 1579 2150 scies.

308 2180 563 2243 Extemplo
590 2179 944 2229 faci0.facetum
971 2195 1081 2236 me,
1108 2190 1253 2240 atque
1280 2175 1582 2241 magnificum

484 2266 493 2275 ’
563 2256 720 2303 virum
737 2292 751 2315 ‚

307 2336 431 2385 Dico
454 2338 567 2382 med
584 2354 675 2383 esse
694 2337 951 2385 atriensem.
975 2336 1036 2381 sic
1059 2335 1151 2380 hoc
1172 2329 1412 2392 respondit
1436 2332 1579 2378 mihi:

309 2410 411 2476 Ego
432 2410 517 2472 pol
539 2408 760 2457 Sauream
778 2424 880 2457 non
902 2410 1040 2466 novi,
1063 2421 1223 2466 neque
1248 2421 1342 2465 qua
1364 2403 1478 2451 facie
1495 2407 1550 2451 sit
1567 2440 1582 2462 ‚

562 2499 656 2529 seio
676 2502 685 2528 ε
