1650 2826
55 231 266 282 ,μμ
409 186 1111 266 AcTus'11.sc.’11.
1323 240 1408 286 ῳ

128 326 357 387 ΚΤειῐιιῒιιιη
372 326 499 372 adest
520 326 637 371 boni
651 325 890 387 inproviso
903 359 918 382 ‚
938 341 1107 372 verum
1125 331 1414 379 conmistum

390 398 546 445 malo:

145 473 324 518 Omnes
350 471 418 516 vde
449 470 585 518 nobis
618 471 911 518 carnuficum
950 474 1412 527 concelebrabuntur

393 542 503 591 dies·
571 547 577 555 '

140 603 348 677 Libano,
382 631 513 661 nunc
550 615 741 661 audacia
774 633 863 663 usu
891 617 945 662 'st
974 618 1113 664 nobis
1141 620 1335 669 inventa
1363 634 1412 672 et

386 687 517 733 dolis.

135 758 351 805 Tantum
381 759 556 806 facinus
590 761 739 807 modo
767 762 929 808 inveni
957 779 1044 828 ego
1064 798 1077 821 ‚
1102 775 1158 810 ut
1176 781 1269 813 noa
1288 767 1410 815 dim-

386 833 624 880 thur-duo

138 905 375 953 Omnium
388 906 660 970 dignissumi
672 924 781 965 esse,
797 924 897 968 quo
910 910 1138 957 cruciatus
1149 911 1406 960 confluant.

548 1030 580 1062 L
613 1029 634 1061 1
670 1028 699 1060 B
735 1028 770 1060 A
806 1028 840 1061 N
877 1028 911 1061 U
948 1027 986 1062 S.

134 1106 235 1170 Ego
267 1107 464 1153 mirabar
484 1141 497 1164 ,
537 1106 672 1167 quod
706 1090 895 1153 dudum
925 1107 1137 1168 scapulae
1175 1107 1407 1172 gestibant

394 1180 514 1226 mihi
528 1213 543 1236 ‚
1358 1243 1363 1247 ,

139 1249 367 1301 Hariolari
405 1267 526 1310 quae
562 1263 847 1313 occeperunt
883 1252 971 1298 sibi
1006 1268 1098 1298 esse
1131 1252 1182 1299 in
1216 1251 1403 1301 mundo

394 1324 587 1368 malum.

138 1390 393 1462 Quidquid
423 1407 515 1452 est,
544 1396 778 1455 eloquere.

546 1503 576 1534 L
612 1505 642 1535 Ε
678 1505 709 1536 o
746 1505 778 1536 N
818 1504 837 1535 1
874 1505 908 1536 D
943 1504 991 1537 A.

453 1582 623 1646 Magna
654 1585 707 1628 ’st
731 1584 901 1645 praeda
923 1601 1036 1630 cum
1062 1600 1235 1651 magno
1259 1588 1398 1633 malo.

552 1691 583 1723 L
618 1693 638 1724 1
674 1693 703 1724 Β
736 1693 771 1725 A
806 1695 840 1727 Ν
877 1695 911 1727 U
945 1695 984 1729 s.

136 1770 382 1832 Siquidem
422 1788 586 1844 onmes
624 1777 853 1839 conjurati
892 1779 1204 1846 cruciamenta
1237 1780 1399 1827 confe-

381 1856 483 1890 rant
501 1880 516 1903 2
1062 1905 1069 1907 o

134 1915 302 1962 Habeo
334 1917 500 1978 opinor
534 1917 805 1965 familiarem
838 1933 1025 1986 tergum
1043 1957 1057 1979 ‚
1080 1939 1141 1970 ne
1174 1940 1395 1985 quaeram

386 1987 505 2035 foris.

537 2088 567 2123 I.
603 2091 632 2123 E
669 2092 701 2125 O
738 2093 772 2126 N
807 2093 829 2125 Ῑ
864 2094 899 2126 D
934 2094 982 2126 Α.

126 2164 180 2222 Si
196 2167 329 2214 istam
346 2168 685 2216 firmitudinem
703 2171 847 2218 animi
869 2172 1052 2220 obtines
1063 2208 1077 2231 ‚
1093 2162 1204 2222 salvi
1217 2185 1391 2224 sumus.

543 2277 573 2309 L
610 2277 630 2309 I
666 2276 704 2309 B⁷
727 2278 762 2311 A
797 2278 832 2312 N
867 2279 902 2311 U
938 2280 977 2314 s:

131 2349 263 2417 Quin
284 2351 320 2396 si
336 2364 465 2416 tergo
496 2371 565 2399 tes
595 2355 817 2402 solvenda
840 2357 921 2415 ’st,
941 2375 1099 2421 rapere
1125 2361 1267 2423 cupio
1298 2378 1392 2423 pu·-

359 2426 562 2475 „blicum
580 2447 588 2472 :
960 2431 972 2435 ’

47 2546 53 2553 .
131 2491 397 2560 Pemegabo
422 2510 566 2560 atque
595 2501 841 2550 obdurabo
860 2538 873 2562 ‚
895 2506 1142 2570 pexjurabo
1166 2507 1388 2568 denique.
