1650 2826
159 206 285 252 v.19
402 182 686 234 ACTUS
739 183 775 228 Ι.
831 181 940 229 SC.
994 185 1108 231 111.
1335 202 1395 246 37

130 295 262 342 Alter
286 292 488 340 decumo
512 298 619 351 post
642 302 802 333 mense
823 298 1037 333 nascetur
1062 305 1209 349 puer,

129 370 293 439 Quam
310 365 586 412 seminatum
614 362 728 406 alter
755 376 918 406 mense
947 372 1182 422 septumo.

128 440 307 486 Eorum
333 433 690 496 AmPhitruonis
718 434 832 489 alter
865 445 932 479 est
946 467 961 491 ‚
990 435 1104 479 alter
1124 433 1265 492 Jovis.

130 507 310 559 Verurn
343 507 518 555 minori
543 523 694 568 puero
723 507 871 569 major
899 518 965 551 est
991 518 1150 567 pater,

126 585 283 632 Minor
311 582 488 645 majori.
517 582 680 644 jamne
705 580 797 625 hoc
824 579 943 624 scitis
977 579 1097 640 quid
1126 579 1251 624 siet?

125 657 219 704 Sed
243 654 532 702 Alcumenae
563 654 701 717 hujus
728 653 918 698 honoris
949 653 1091 717 gratia
1108 685 1125 711 ,

124 722 258 775 Pater
290 726 467 774 miravit
498 742 598 772 uno
629 736 685 771 ut
708 724 809 771 fetu
839 725 991 775 fieret;

124 799 234 847 Uno
256 810 313 846 ut
337 799 495 844 labore
518 798 726 844 absolvat
744 813 987 843 aerumnas
1010 796 1149 854 duas,

124 872 188 919 Et
218 887 280 917 ne
307 872 358 917 in
387 871 648 933 suspicione
681 882 888 932 ponatur
921 870 1069 931 stupri
1084 903 1100 926 ,

125 943 187 990 Et
215 943 501 990 clandestina
534 953 589 988 ut
621 942 799 987 celetur
825 943 1083 989 consuetio.

127 1012 437 1084 Quamquam
453 1049 466 1071 ,
489 1025 543 1059 ut
557 1014 846 1077 jamdudum
867 1015 991 1074 dixi,
1007 1014 1215 1061 resciscet
1236 1023 1397 1058 tamen

126 1089 412 1151 Amphitruo
444 1106 547 1135 rem
579 1105 787 1135 omnem.
826 1090 947 1149 quid
978 1090 1150 1154 igitur?
1174 1104 1318 1134 nemo
1349 1086 1400 1132 id

374 1162 551 1224 probro

126 1235 344 1282 Profecto
371 1235 515 1280 ducet
540 1233 840 1282 Alcumenae.
877 1250 990 1280 nam
1012 1233 1177 1280 Deum

129 1310 242 1356 Non
270 1325 352 1372 par
379 1306 566 1354 videtur
595 1307 768 1365 facere,
797 1307 1026 1354 delictum
1056 1323 1198 1353 suurn

131 1381 374 1442 Suamque
393 1382 582 1442 culpam
612 1393 831 1442 expetere
848 1382 898 1426 in
916 1382 1165 1426 mortalem
1187 1391 1242 1426 ut
1269 1380 1398 1425 sinat.

133 1451 413 1497 Orationem
434 1451 727 1511 conprimam
748 1471 758 1495 :
790 1451 972 1512 crepuit
994 1451 1118 1496 foris.

135 1522 423 1582 Amphitruo
443 1522 729 1577 subditivus,
755 1538 919 1585 eccum
934 1557 950 1578 ,
970 1524 1066 1568 exit
1090 1521 1209 1567 foras

132 1593 261 1640 Cum
285 1593 546 1640 Alcumena
578 1609 727 1639 uxore
751 1595 965 1641 usuraria.

459 1739 496 1786 S
547 1740 836 1788 CENA
914 1714 1103 1786 111(

135 1867 514 1914 JUPPITER.
549 1869 955 1908 ALCUMENA,
988 1869 1399 1907 MERCURIUS.

525 1990 1022 2031 JUPPITER.

138 2047 335 2158 BENE
354 2113 455 2159 vale
470 2145 484 2168 ‚
502 2111 786 2158 Alcumena:
817 2128 925 2158 cura
946 2128 1049 2157 rem
1073 2098 1409 2168 communem}

396 2186 531 2246 quod
558 2185 675 2231 facis}

144 2254 308 2318 Atque
323 2259 535 2320 inperce,
556 2273 728 2319 quaeso
749 2277 759 2304 z
775 2272 953 2304 menses
960 2258 1059 2322 jam
1073 2258 1161 2304 tibi
1179 2273 1269 2308 esse
1285 2269 1409 2303 actos

393 2331 534 2376 vides.
1003 2343 1008 2349 '

145 2398 266 2447 Mihi
281 2418 463 2468 necesse
475 2405 530 2449 'st
543 2404 608 2451 ire
625 2405 761 2453 hinc:
781 2420 950 2451 verum
968 2404 1104 2466 quod
1122 2403 1206 2450 erit
1222 2415 1411 2459 natum,

395 2476 566 2524 tollito.

1107 2547 1147 2593 C
1168 2563 1193 2606 3
