1650 2826
159 198 288 247 ama
435 195 723 243 Ac‘rus
771 193 1163 241 1v.sc.11.
1330 195 1419 253 ³85

434 311 1142 348 LAMPADISCUS.

323 385 612 433 *Haecesn

422 474 1152 510 PHANOSTRATA.

597 542 756 612 Quis?

434 635 1142 670 LAMPADISCUS.

763 705 895 774 Quoi
910 705 1025 750 haec
1042 703 1215 750 excidit
1232 703 1424 749 cistella:

162 776 299 823 Certe
324 791 489 821 eccum
514 777 677 822 locum
698 775 847 839 signat
860 810 874 831 ‚
895 776 980 821 ubi
1002 793 1056 822 ea
1078 775 1265 822 excidit.

429 868 1146 904 PHANOSTRATA.

1206 921 1427 983 Apparet.

577 1004 612 1036 Η
648 1003 682 1036 Α
716 1005 746 1037 Ι,
782 1006 803 1037 1
840 1006 863 1039 s
899 1006 926 1038 c
963 1007 1011 1040 A.

160 1068 254 1116 Sed
278 1071 314 1116 is
334 1071 421 1115 hac
444 1070 523 1114 iit:
550 1070 637 1114 hac
666 1070 786 1115 socci
807 1071 948 1116 video
973 1073 1223 1136 vestigium

158 1142 218 1187 ln
240 1144 461 1202 pulvere:
494 1157 745 1201 persequar
763 1142 861 1187 hac.
882 1143 933 1188 in
958 1144 1050 1210 lioc
1067 1146 1168 1207 jam
1186 1147 1293 1191 loco
1316 1162 1429 1192 cum

408 1215 553 1258 altero

158 1286 396 1332 Constitit.
424 1287 501 1332 hic
518 1288 632 1332 meis
656 1289 799 1334 turbo
827 1290 972 1335 oculis
992 1291 1141 1336 modo
1160 1309 1206 1336 se
1230 1292 1425 1354 objecit:

157 1357 330 1417 Neque
356 1374 575 1418 prorsum
604 1359 709 1405 iniit
738 1361 852 1409 hac:
884 1362 960 1410 hic
981 1362 1136 1407 stetit:
1177 1363 1287 1408 hinc
1314 1365 1427 1410 illuc

409 1432 548 1480 exiit:
582 1433 659 1479 hic

115 1503 121 1513 ’
156 1502 427 1551 Concilium
442 1503 546 1549 fuit.
566 1505 626 1549 ad
643 1504 761 1550 duos
779 1494 947 1550 ¹attinet
964 1506 1056 1552 hoc
1068 1542 1083 1564 ,
1103 1508 1278 1568 quiqui
1295 1519 1420 1554 sunt.

153 1574 293 1631 Atat,
316 1576 555 1639 singulum
571 1577 714 1623 video
733 1579 998 1642 vestigium.
1016 1580 1098 1625 sed
1115 1582 1150 1625 is
1171 1582 1257 1626 hac
1275 1581 1403 1626 abiit.

154 1645 543 1707 Contemplabor.
567 1649 678 1694 hinc
697 1649 791 1695 huc
813 1649 890 1695 iit:
912 1651 1023 1696 hinc
1041 1667 1280 1712 nusquam
1298 1653 1426 1698 abiit.

156 1715 324 1763 Aetam
348 1734 450 1764 rem
478 1736 580 1783 ago.
613 1721 749 1781 quod
775 1722 939 1782 periit,
960 1725 1122 1784 periit:
1150 1741 1315 1774 meum
1348 1743 1427 1772 co-

402 1807 528 1836 num

158 1859 286 1906 Cum
310 1860 494 1907 cistella.
519 1863 663 1908 redeo
686 1865 826 1910 intro.

441 1954 1167 1992 PHANOS-TRATA.

828 2023 999 2071 Mulier
1015 2059 1029 2081 ‚
1053 2042 1193 2071 mane
1213 2047 1222 2071 :
1251 2038 1362 2074 sunt

158 2088 263 2159 Qui
286 2090 458 2135 volunt
489 2102 538 2140 te
564 2103 863 2138 conventam.

576 2181 612 2213 H
646 2181 681 2214 A
714 2183 745 2218 L
779 2183 801 2215 1
840 2183 864 2216 S
900 2186 926 2216 C
962 2185 1010 2218 A.

888 2251 1011 2319 Quis
1038 2270 1117 2298 me
1141 2257 1359 2303 revocat?

440 2343 1155 2382 LAMPADISCUS.

156 2406 286 2452 Bona
316 2409 514 2466 femina,
548 2422 594 2456 et
618 2413 767 2458 malus
785 2415 1014 2461 masculus
1038 2417 1210 2464 volunt
1229 2429 1288 2463 te.
