<?xml version="1.0" encoding="UTF-8"?>
<!DOCTYPE html PUBLIC "-//W3C//DTD XHTML 1.0 Transitional//EN"
    "http://www.w3.org/TR/xhtml1/DTD/xhtml1-transitional.dtd">
<html xmlns="http://www.w3.org/1999/xhtml" xml:lang="en" lang="en">
 <head>
  <title>
</title>
<meta http-equiv="Content-Type" content="text/html;charset=utf-8" />
  <meta name='ocr-system' content='tesseract 3.04.00' />
  <meta name='ocr-capabilities' content='ocr_page ocr_carea ocr_par ocr_line ocrx_word'/>
</head>
<body>
  <div class='ocr_page' id='page_1' title='image "./comoediaesuperst01plauuoft_0640.png"; bbox 0 0 1650 2826; ppageno 0'>
   <div class='ocr_carea' id='block_1_1' title="bbox 245 196 1550 279">
    <p class='ocr_par' dir='ltr' id='par_1_1' title="bbox 245 196 1550 279">
     <span class='ocr_line' id='line_1_1' title="bbox 245 196 1550 279; baseline 0.009 -25"><span class='ocrx_word' id='word_1_1' title='bbox 245 209 339 267; x_wconf 78' lang='lat'><strong>586</strong></span> <span class='ocrx_word' id='word_1_2' title='bbox 505 196 1257 262; x_wconf 85' lang='lat' dir='ltr'><strong>CISTELLARIA.</strong></span> <span class='ocrx_word' id='word_1_3' title='bbox 1389 224 1550 279; x_wconf 26' lang='grc' dir='ltr'><strong>νήια</strong></span> 
     </span>
    </p>
   </div>
   <div class='ocr_carea' id='block_1_2' title="bbox 668 328 1106 365">
    <p class='ocr_par' dir='ltr' id='par_1_2' title="bbox 668 328 1106 365">
     <span class='ocr_line' id='line_1_2' title="bbox 668 328 1106 365; baseline 0.009 -4"><span class='ocrx_word' id='word_1_4' title='bbox 668 328 1106 365; x_wconf 85' lang='lat' dir='ltr'><strong>HALISCA.</strong></span> 
     </span>
    </p>
   </div>
   <div class='ocr_carea' id='block_1_3' title="bbox 238 404 1524 1221">
    <p class='ocr_par' dir='ltr' id='par_1_3' title="bbox 246 404 1524 547">
     <span class='ocr_line' id='line_1_3' title="bbox 246 404 1524 472; baseline 0.006 -22"><span class='ocrx_word' id='word_1_5' title='bbox 246 405 432 451; x_wconf 81' lang='lat' dir='ltr'><strong>Malum</strong></span> <span class='ocrx_word' id='word_1_6' title='bbox 463 404 618 464; x_wconf 71' lang='lat' dir='ltr'><strong>aufer,</strong></span> <span class='ocrx_word' id='word_1_7' title='bbox 641 407 830 454; x_wconf 90' lang='lat' dir='ltr'><strong>bonum</strong></span> <span class='ocrx_word' id='word_1_8' title='bbox 851 409 970 454; x_wconf 86' lang='lat' dir='ltr'><strong>mihi</strong></span> <span class='ocrx_word' id='word_1_9' title='bbox 1001 426 1120 471; x_wconf 89' lang='lat' dir='ltr'><strong>opus</strong></span> <span class='ocrx_word' id='word_1_10' title='bbox 1147 420 1226 456; x_wconf 83' lang='lat' dir='ltr'><strong>est.</strong></span> <span class='ocrx_word' id='word_1_11' title='bbox 1249 422 1487 472; x_wconf 91' lang='lat' dir='ltr'><strong>postremo</strong></span> <span class='ocrx_word' id='word_1_12' title='bbox 1507 447 1524 471; x_wconf 84' lang='lat'>,</span> 
     </span>
     <span class='ocr_line' id='line_1_4' title="bbox 496 479 852 547; baseline 0.003 -23"><span class='ocrx_word' id='word_1_13' title='bbox 496 479 574 525; x_wconf 90' lang='lat' dir='ltr'><strong>ille</strong></span> <span class='ocrx_word' id='word_1_14' title='bbox 842 539 852 547; x_wconf 25' lang='lat' dir='ltr'>x</span> 
     </span>
    </p>

    <p class='ocr_par' dir='ltr' id='par_1_4' title="bbox 241 550 1522 672">
     <span class='ocr_line' id='line_1_5' title="bbox 241 550 1522 622; baseline 0.005 -26"><span class='ocrx_word' id='word_1_15' title='bbox 241 550 352 596; x_wconf 91' lang='lat' dir='ltr'><strong>Plus</strong></span> <span class='ocrx_word' id='word_1_16' title='bbox 369 585 383 609; x_wconf 87' lang='lat'>,</span> <span class='ocrx_word' id='word_1_17' title='bbox 405 552 490 613; x_wconf 90' lang='lat' dir='ltr'><strong>qui</strong></span> <span class='ocrx_word' id='word_1_18' title='bbox 513 563 652 598; x_wconf 87' lang='lat' dir='ltr'><strong>vocat</strong></span> <span class='ocrx_word' id='word_1_19' title='bbox 670 587 684 610; x_wconf 86' lang='lat'>,</span> <span class='ocrx_word' id='word_1_20' title='bbox 701 554 784 599; x_wconf 89' lang='lat' dir='ltr'><strong>scit</strong></span> <span class='ocrx_word' id='word_1_21' title='bbox 804 554 942 614; x_wconf 90' lang='lat' dir='ltr'><strong>quod</strong></span> <span class='ocrx_word' id='word_1_22' title='bbox 956 556 1072 602; x_wconf 86' lang='lat' dir='ltr'><strong>velit</strong></span> <span class='ocrx_word' id='word_1_23' title='bbox 1087 590 1102 613; x_wconf 81' lang='lat'>‚</span> <span class='ocrx_word' id='word_1_24' title='bbox 1121 573 1267 618; x_wconf 87' lang='lat' dir='ltr'><strong>quam</strong></span> <span class='ocrx_word' id='word_1_25' title='bbox 1293 574 1379 622; x_wconf 87' lang='lat' dir='ltr'><strong>ego</strong></span> <span class='ocrx_word' id='word_1_26' title='bbox 1399 574 1522 619; x_wconf 86' lang='lat' dir='ltr'><strong>quae</strong></span> 
     </span>
     <span class='ocr_line' id='line_1_6' title="bbox 493 637 909 672; baseline 0.002 -1"><span class='ocrx_word' id='word_1_27' title='bbox 493 642 652 671; x_wconf 86' lang='lat' dir='ltr'><strong>vocor.</strong></span> <span class='ocrx_word' id='word_1_28' title='bbox 682 637 909 672; x_wconf 88' lang='lat' dir='ltr'><strong>revortor.</strong></span> 
     </span>
    </p>

    <p class='ocr_par' dir='ltr' id='par_1_5' title="bbox 242 705 1520 845">
     <span class='ocr_line' id='line_1_7' title="bbox 242 705 1520 769; baseline 0.004 -17"><span class='ocrx_word' id='word_1_29' title='bbox 242 705 459 767; x_wconf 86' lang='lat' dir='ltr'><strong>Ecquem</strong></span> <span class='ocrx_word' id='word_1_30' title='bbox 486 707 642 754; x_wconf 85' lang='lat' dir='ltr'><strong>vidisti</strong></span> <span class='ocrx_word' id='word_1_31' title='bbox 674 724 898 769; x_wconf 82' lang='lat' dir='ltr'><strong>quaerere</strong></span> <span class='ocrx_word' id='word_1_32' title='bbox 921 709 1027 767; x_wconf 84' lang='lat' dir='ltr'><strong>hic,</strong></span> <span class='ocrx_word' id='word_1_33' title='bbox 1054 710 1251 768; x_wconf 83' lang='lat' dir='ltr'><strong>amabo,</strong></span> <span class='ocrx_word' id='word_1_34' title='bbox 1270 711 1320 756; x_wconf 89' lang='lat' dir='ltr'><strong>in</strong></span> <span class='ocrx_word' id='word_1_35' title='bbox 1346 712 1432 757; x_wconf 88' lang='lat' dir='ltr'><strong>hac</strong></span> <span class='ocrx_word' id='word_1_36' title='bbox 1449 729 1520 756; x_wconf 88' lang='lat' dir='ltr'><strong>re-</strong></span> 
     </span>
     <span class='ocr_line' id='line_1_8' title="bbox 495 780 1019 845; baseline 0.006 -20"><span class='ocrx_word' id='word_1_37' title='bbox 495 780 636 845; x_wconf 87' lang='lat' dir='ltr'><strong>gione</strong></span> <span class='ocrx_word' id='word_1_38' title='bbox 1016 837 1019 842; x_wconf 21' lang='lat'>³</span> 
     </span>
    </p>

    <p class='ocr_par' dir='ltr' id='par_1_6' title="bbox 243 850 1520 972">
     <span class='ocr_line' id='line_1_9' title="bbox 243 850 1520 920; baseline 0.002 -23"><span class='ocrx_word' id='word_1_39' title='bbox 243 850 483 898; x_wconf 80' lang='lat' dir='ltr'><strong>Cistellam</strong></span> <span class='ocrx_word' id='word_1_40' title='bbox 510 869 622 899; x_wconf 91' lang='lat' dir='ltr'><strong>cum</strong></span> <span class='ocrx_word' id='word_1_41' title='bbox 655 853 920 915; x_wconf 85' lang='lat' dir='ltr'><strong>crepundiis</strong></span> <span class='ocrx_word' id='word_1_42' title='bbox 940 887 955 912; x_wconf 87' lang='lat'>‚</span> <span class='ocrx_word' id='word_1_43' title='bbox 991 870 1137 915; x_wconf 88' lang='lat' dir='ltr'><strong>quam</strong></span> <span class='ocrx_word' id='word_1_44' title='bbox 1169 871 1255 920; x_wconf 87' lang='lat' dir='ltr'><strong>ego</strong></span> <span class='ocrx_word' id='word_1_45' title='bbox 1286 855 1362 901; x_wconf 89' lang='lat' dir='ltr'><strong>hic</strong></span> <span class='ocrx_word' id='word_1_46' title='bbox 1391 856 1520 901; x_wconf 81' lang='lat' dir='ltr'><strong>amisi</strong></span> 
     </span>
     <span class='ocr_line' id='line_1_10' title="bbox 493 927 694 972; baseline 0 0"><span class='ocrx_word' id='word_1_47' title='bbox 493 927 656 972; x_wconf 86' lang='lat' dir='ltr'><strong>misera</strong></span> <span class='ocrx_word' id='word_1_48' title='bbox 672 927 694 972; x_wconf 70' lang='grc' dir='ltr'><strong>Ξ)</strong></span> 
     </span>
    </p>

    <p class='ocr_par' dir='ltr' id='par_1_7' title="bbox 239 1004 1516 1124">
     <span class='ocr_line' id='line_1_11' title="bbox 239 1004 1516 1064; baseline 0.002 -14"><span class='ocrx_word' id='word_1_49' title='bbox 239 1004 364 1051; x_wconf 86' lang='lat' dir='ltr'><strong>Nam</strong></span> <span class='ocrx_word' id='word_1_50' title='bbox 391 1005 582 1051; x_wconf 90' lang='lat' dir='ltr'><strong>dudum</strong></span> <span class='ocrx_word' id='word_1_51' title='bbox 606 1017 662 1051; x_wconf 90' lang='lat' dir='ltr'><strong>ut</strong></span> <span class='ocrx_word' id='word_1_52' title='bbox 687 1007 971 1051; x_wconf 85' lang='lat' dir='ltr'><strong>accurrimus</strong></span> <span class='ocrx_word' id='word_1_53' title='bbox 999 1005 1060 1052; x_wconf 88' lang='lat' dir='ltr'><strong>ad</strong></span> <span class='ocrx_word' id='word_1_54' title='bbox 1090 1005 1516 1064; x_wconf 84' lang='lat' dir='ltr'><strong>Alcesimarchum,</strong></span> 
     </span>
     <span class='ocr_line' id='line_1_12' title="bbox 491 1079 888 1124; baseline 0.003 -1"><span class='ocrx_word' id='word_1_55' title='bbox 491 1094 554 1123; x_wconf 92' lang='lat' dir='ltr'><strong>ne</strong></span> <span class='ocrx_word' id='word_1_56' title='bbox 579 1095 712 1124; x_wconf 89' lang='lat' dir='ltr'><strong>suam</strong></span> <span class='ocrx_word' id='word_1_57' title='bbox 739 1079 888 1124; x_wconf 87' lang='lat' dir='ltr'><strong>vitam</strong></span> 
     </span>
    </p>

    <p class='ocr_par' dir='ltr' id='par_1_8' title="bbox 238 1158 1515 1221">
     <span class='ocr_line' id='line_1_13' title="bbox 238 1158 1515 1221; baseline 0.002 -17"><span class='ocrx_word' id='word_1_58' title='bbox 238 1158 565 1215; x_wconf 87' lang='lat' dir='ltr'><strong>Interimeret,</strong></span> <span class='ocrx_word' id='word_1_59' title='bbox 586 1159 835 1206; x_wconf 77' lang='lat' dir='ltr'><strong>tum&#39;mihi</strong></span> <span class='ocrx_word' id='word_1_60' title='bbox 855 1169 978 1220; x_wconf 91' lang='lat' dir='ltr'><strong>puto</strong></span> <span class='ocrx_word' id='word_1_61' title='bbox 1005 1175 1116 1221; x_wconf 83' lang='lat' dir='ltr'><strong>prae</strong></span> <span class='ocrx_word' id='word_1_62' title='bbox 1141 1160 1312 1206; x_wconf 89' lang='lat' dir='ltr'><strong>timore</strong></span> <span class='ocrx_word' id='word_1_63' title='bbox 1331 1161 1407 1206; x_wconf 87' lang='lat' dir='ltr'><strong>hic</strong></span> <span class='ocrx_word' id='word_1_64' title='bbox 1434 1176 1515 1206; x_wconf 88' lang='lat' dir='ltr'><strong>ex-</strong></span> 
     </span>
    </p>
   </div>
   <div class='ocr_carea' id='block_1_4' title="bbox 491 1239 653 1285">
    <p class='ocr_par' dir='ltr' id='par_1_9' title="bbox 491 1239 653 1285">
     <span class='ocr_line' id='line_1_14' title="bbox 491 1239 653 1285; baseline 0 0"><span class='ocrx_word' id='word_1_65' title='bbox 491 1239 653 1285; x_wconf 87' lang='lat' dir='ltr'><strong>cidisse</strong></span> 
     </span>
    </p>
   </div>
   <div class='ocr_carea' id='block_1_5' title="bbox 164 1313 492 1360">
    <p class='ocr_par' dir='ltr' id='par_1_10' title="bbox 164 1313 492 1360">
     <span class='ocr_line' id='line_1_15' title="bbox 164 1313 492 1360; baseline 0.003 -2"><span class='ocrx_word' id='word_1_66' title='bbox 164 1333 166 1335; x_wconf 95' lang='lat'>·</span> <span class='ocrx_word' id='word_1_67' title='bbox 241 1313 492 1360; x_wconf 87' lang='lat' dir='ltr'><strong>Cistellam.</strong></span> 
     </span>
    </p>
   </div>
   <div class='ocr_carea' id='block_1_6' title="bbox 515 1408 1235 1445">
    <p class='ocr_par' dir='ltr' id='par_1_11' title="bbox 515 1408 1235 1445">
     <span class='ocr_line' id='line_1_16' title="bbox 515 1408 1235 1445; baseline 0.001 -2"><span class='ocrx_word' id='word_1_68' title='bbox 515 1408 1235 1445; x_wconf 82' lang='lat' dir='ltr'><strong>LAMPADISCUS.</strong></span> 
     </span>
    </p>
   </div>
   <div class='ocr_carea' id='block_1_7' title="bbox 430 1486 1513 1623">
    <p class='ocr_par' dir='ltr' id='par_1_12' title="bbox 430 1486 1513 1623">
     <span class='ocr_line' id='line_1_17' title="bbox 430 1486 1513 1550; baseline 0 -18"><span class='ocrx_word' id='word_1_69' title='bbox 430 1486 561 1532; x_wconf 88' lang='lat' dir='ltr'><strong>Haec</strong></span> <span class='ocrx_word' id='word_1_70' title='bbox 584 1487 756 1533; x_wconf 86' lang='lat' dir='ltr'><strong>mulier</strong></span> <span class='ocrx_word' id='word_1_71' title='bbox 782 1498 939 1533; x_wconf 83' lang='lat' dir='ltr'><strong>nostra</strong></span> <span class='ocrx_word' id='word_1_72' title='bbox 959 1498 1038 1533; x_wconf 91' lang='lat' dir='ltr'><strong>est.</strong></span> <span class='ocrx_word' id='word_1_73' title='bbox 1069 1489 1187 1548; x_wconf 91' lang='lat' dir='ltr'><strong>quin</strong></span> <span class='ocrx_word' id='word_1_74' title='bbox 1213 1504 1405 1550; x_wconf 80' lang='lat' dir='ltr'><strong>operam</strong></span> <span class='ocrx_word' id='word_1_75' title='bbox 1434 1488 1513 1533; x_wconf 83' lang='lat' dir='ltr'><strong>da—</strong></span> 
     </span>
     <span class='ocr_line' id='line_1_18' title="bbox 801 1561 1387 1623; baseline -0.002 -16"><span class='ocrx_word' id='word_1_76' title='bbox 801 1577 908 1607; x_wconf 89' lang='lat' dir='ltr'><strong>mus</strong></span> <span class='ocrx_word' id='word_1_77' title='bbox 924 1594 938 1617; x_wconf 91' lang='lat'>‚</span> <span class='ocrx_word' id='word_1_78' title='bbox 962 1561 1097 1619; x_wconf 81' lang='lat' dir='ltr'><strong>hera,</strong></span> <span class='ocrx_word' id='word_1_79' title='bbox 1120 1573 1387 1623; x_wconf 84' lang='lat' dir='ltr'><strong>parumper.</strong></span> 
     </span>
    </p>
   </div>
   <div class='ocr_carea' id='block_1_8' title="bbox 231 1660 1509 1958">
    <p class='ocr_par' dir='ltr' id='par_1_13' title="bbox 231 1660 1509 1958">
     <span class='ocr_line' id='line_1_19' title="bbox 641 1660 1077 1695; baseline -0.002 -1"><span class='ocrx_word' id='word_1_80' title='bbox 641 1660 677 1694; x_wconf 83' lang='lat' dir='ltr'>H</span> <span class='ocrx_word' id='word_1_81' title='bbox 712 1660 747 1694; x_wconf 90' lang='lat' dir='ltr'>A</span> <span class='ocrx_word' id='word_1_82' title='bbox 784 1660 814 1694; x_wconf 91' lang='lat' dir='ltr'>L</span> <span class='ocrx_word' id='word_1_83' title='bbox 850 1662 871 1695; x_wconf 92' lang='lat'>1</span> <span class='ocrx_word' id='word_1_84' title='bbox 909 1660 932 1694; x_wconf 93' lang='lat' dir='ltr'>S</span> <span class='ocrx_word' id='word_1_85' title='bbox 968 1662 994 1693; x_wconf 93' lang='lat' dir='ltr'>C</span> <span class='ocrx_word' id='word_1_86' title='bbox 1029 1661 1077 1695; x_wconf 89' lang='lat' dir='ltr'><strong>A.</strong></span> 
     </span>
     <span class='ocr_line' id='line_1_20' title="bbox 231 1737 1509 1802; baseline -0.003 -15"><span class='ocrx_word' id='word_1_87' title='bbox 231 1739 435 1802; x_wconf 88' lang='lat' dir='ltr'><strong>Disperii</strong></span> <span class='ocrx_word' id='word_1_88' title='bbox 448 1738 635 1784; x_wconf 86' lang='lat' dir='ltr'><strong>misera!</strong></span> <span class='ocrx_word' id='word_1_89' title='bbox 653 1737 773 1799; x_wconf 91' lang='lat' dir='ltr'><strong>quid</strong></span> <span class='ocrx_word' id='word_1_90' title='bbox 790 1754 877 1802; x_wconf 75' lang='lat' dir='ltr'><strong>ego</strong></span> <span class='ocrx_word' id='word_1_91' title='bbox 892 1754 1024 1784; x_wconf 90' lang='lat' dir='ltr'><strong>meae</strong></span> <span class='ocrx_word' id='word_1_92' title='bbox 1039 1739 1176 1785; x_wconf 88' lang='lat' dir='ltr'><strong>herae</strong></span> <span class='ocrx_word' id='word_1_93' title='bbox 1191 1739 1374 1786; x_wconf 84' lang='lat' dir='ltr'><strong>dicam?</strong></span> <span class='ocrx_word' id='word_1_94' title='bbox 1387 1754 1509 1799; x_wconf 87' lang='lat' dir='ltr'><strong>quae</strong></span> 
     </span>
     <span class='ocr_line' id='line_1_21' title="bbox 483 1824 896 1873; baseline 0 -15"><span class='ocrx_word' id='word_1_95' title='bbox 483 1829 564 1858; x_wconf 91' lang='lat' dir='ltr'><strong>me</strong></span> <span class='ocrx_word' id='word_1_96' title='bbox 589 1829 731 1873; x_wconf 87' lang='lat' dir='ltr'><strong>opere</strong></span> <span class='ocrx_word' id='word_1_97' title='bbox 761 1824 896 1858; x_wconf 88' lang='lat' dir='ltr'><strong>tanto</strong></span> 
     </span>
     <span class='ocr_line' id='line_1_22' title="bbox 231 1891 1333 1958; baseline -0.003 -19"><span class='ocrx_word' id='word_1_98' title='bbox 231 1892 420 1941; x_wconf 88' lang='lat' dir='ltr'><strong>Servare</strong></span> <span class='ocrx_word' id='word_1_99' title='bbox 440 1893 577 1958; x_wconf 88' lang='lat' dir='ltr'><strong>jussit</strong></span> <span class='ocrx_word' id='word_1_100' title='bbox 595 1928 609 1950; x_wconf 84' lang='lat'><strong>,</strong></span> <span class='ocrx_word' id='word_1_101' title='bbox 639 1894 725 1954; x_wconf 90' lang='lat' dir='ltr'><strong>qui</strong></span> <span class='ocrx_word' id='word_1_102' title='bbox 747 1910 853 1939; x_wconf 88' lang='lat' dir='ltr'><strong>suos</strong></span> <span class='ocrx_word' id='word_1_103' title='bbox 875 1892 1107 1939; x_wconf 89' lang='lat' dir='ltr'><strong>Silenium</strong></span> <span class='ocrx_word' id='word_1_104' title='bbox 1131 1891 1333 1952; x_wconf 86' lang='lat' dir='ltr'><strong>parentis</strong></span> 
     </span>
    </p>
   </div>
   <div class='ocr_carea' id='block_1_9' title="bbox 229 1972 1506 2112">
    <p class='ocr_par' dir='ltr' id='par_1_14' title="bbox 229 1972 1506 2112">
     <span class='ocr_line' id='line_1_23' title="bbox 229 1972 1506 2039; baseline -0.002 -17"><span class='ocrx_word' id='word_1_105' title='bbox 229 1972 426 2023; x_wconf 82' lang='lat' dir='ltr'><strong>Facilius</strong></span> <span class='ocrx_word' id='word_1_106' title='bbox 449 1988 605 2039; x_wconf 89' lang='lat' dir='ltr'><strong>posset</strong></span> <span class='ocrx_word' id='word_1_107' title='bbox 623 1993 813 2024; x_wconf 88' lang='lat' dir='ltr'><strong>noscere</strong></span> <span class='ocrx_word' id='word_1_108' title='bbox 832 2012 845 2034; x_wconf 84' lang='lat'><strong>‚</strong></span> <span class='ocrx_word' id='word_1_109' title='bbox 868 1992 991 2038; x_wconf 89' lang='lat' dir='ltr'><strong>quae</strong></span> <span class='ocrx_word' id='word_1_110' title='bbox 1015 1977 1152 2022; x_wconf 86' lang='lat' dir='ltr'><strong>herae</strong></span> <span class='ocrx_word' id='word_1_111' title='bbox 1163 1990 1311 2022; x_wconf 75' lang='lat' dir='ltr'><strong>0meae</strong></span> <span class='ocrx_word' id='word_1_112' title='bbox 1329 1991 1506 2036; x_wconf 90' lang='lat' dir='ltr'><strong>suppo-</strong></span> 
     </span>
     <span class='ocr_line' id='line_1_24' title="bbox 482 2050 860 2112; baseline 0.003 -17"><span class='ocrx_word' id='word_1_113' title='bbox 482 2050 566 2096; x_wconf 86' lang='lat' dir='ltr'><strong>sita</strong></span> <span class='ocrx_word' id='word_1_114' title='bbox 596 2062 663 2096; x_wconf 89' lang='lat' dir='ltr'><strong>est</strong></span> <span class='ocrx_word' id='word_1_115' title='bbox 692 2067 860 2112; x_wconf 86' lang='lat' dir='ltr'><strong>parva:</strong></span> 
     </span>
    </p>
   </div>
   <div class='ocr_carea' id='block_1_10' title="bbox 230 2129 1235 2269">
    <p class='ocr_par' dir='ltr' id='par_1_15' title="bbox 230 2129 1235 2269">
     <span class='ocr_line' id='line_1_25' title="bbox 230 2129 1155 2200; baseline -0.002 -23"><span class='ocrx_word' id='word_1_116' title='bbox 230 2132 394 2200; x_wconf 75' lang='lat' dir='ltr'><strong>Quam</strong></span> <span class='ocrx_word' id='word_1_117' title='bbox 420 2130 656 2192; x_wconf 89' lang='lat' dir='ltr'><strong>quaedam</strong></span> <span class='ocrx_word' id='word_1_118' title='bbox 688 2131 911 2178; x_wconf 83' lang='lat' dir='ltr'><strong>meretrix</strong></span> <span class='ocrx_word' id='word_1_119' title='bbox 941 2131 983 2176; x_wconf 89' lang='lat' dir='ltr'><strong>ei</strong></span> <span class='ocrx_word' id='word_1_120' title='bbox 1011 2129 1155 2176; x_wconf 87' lang='lat' dir='ltr'><strong>dedit.</strong></span> 
     </span>
     <span class='ocr_line' id='line_1_26' title="bbox 251 2215 1235 2269; baseline 0.003 -5"><span class='ocrx_word' id='word_1_121' title='bbox 251 2215 255 2218; x_wconf 50' lang='lat'><strong>⁴</strong></span> <span class='ocrx_word' id='word_1_122' title='bbox 521 2234 1235 2269; x_wconf 79' lang='lat' dir='ltr'><strong>LAMPAnrscus.</strong></span> 
     </span>
    </p>
   </div>
   <div class='ocr_carea' id='block_1_11' title="bbox 737 2309 1502 2358">
    <p class='ocr_par' dir='ltr' id='par_1_16' title="bbox 737 2309 1502 2358">
     <span class='ocr_line' id='line_1_27' title="bbox 737 2309 1502 2358; baseline -0.007 -1"><span class='ocrx_word' id='word_1_123' title='bbox 737 2311 956 2357; x_wconf 87' lang='lat' dir='ltr'><strong>Nostram</strong></span> <span class='ocrx_word' id='word_1_124' title='bbox 984 2313 1097 2358; x_wconf 86' lang='lat' dir='ltr'><strong>haec</strong></span> <span class='ocrx_word' id='word_1_125' title='bbox 1125 2328 1227 2357; x_wconf 91' lang='lat' dir='ltr'><strong>rem</strong></span> <span class='ocrx_word' id='word_1_126' title='bbox 1255 2309 1502 2355; x_wconf 83' lang='lat' dir='ltr'><strong>fabulatur.</strong></span> 
     </span>
    </p>
   </div>
   <div class='ocr_carea' id='block_1_12' title="bbox 233 2381 1483 2502">
    <p class='ocr_par' dir='ltr' id='par_1_17' title="bbox 233 2381 1483 2502">
     <span class='ocr_line' id='line_1_28' title="bbox 233 2381 1483 2445; baseline -0.002 -16"><span class='ocrx_word' id='word_1_127' title='bbox 233 2383 369 2430; x_wconf 89' lang='lat' dir='ltr'><strong>Hanc</strong></span> <span class='ocrx_word' id='word_1_128' title='bbox 399 2384 511 2430; x_wconf 86' lang='lat' dir='ltr'><strong>scire</strong></span> <span class='ocrx_word' id='word_1_129' title='bbox 543 2395 759 2445; x_wconf 84' lang='lat' dir='ltr'><strong>oportet,</strong></span> <span class='ocrx_word' id='word_1_130' title='bbox 790 2384 884 2441; x_wconf 84' lang='lat' dir='ltr'><strong>filia</strong></span> <span class='ocrx_word' id='word_1_131' title='bbox 912 2395 994 2432; x_wconf 86' lang='lat' dir='ltr'><strong>tua</strong></span> <span class='ocrx_word' id='word_1_132' title='bbox 1025 2384 1111 2431; x_wconf 89' lang='lat' dir='ltr'><strong>ubi</strong></span> <span class='ocrx_word' id='word_1_133' title='bbox 1142 2384 1200 2430; x_wconf 89' lang='lat' dir='ltr'><strong>sit</strong></span> <span class='ocrx_word' id='word_1_134' title='bbox 1224 2416 1238 2440; x_wconf 88' lang='lat'>‚</span> <span class='ocrx_word' id='word_1_135' title='bbox 1270 2381 1398 2444; x_wconf 85' lang='lat' dir='ltr'><strong>signa</strong></span> <span class='ocrx_word' id='word_1_136' title='bbox 1428 2393 1483 2427; x_wconf 75' lang='lat' dir='ltr'><strong>ut</strong></span> 
     </span>
     <span class='ocr_line' id='line_1_29' title="bbox 483 2456 609 2502; baseline -0.016 0"><span class='ocrx_word' id='word_1_137' title='bbox 483 2456 609 2502; x_wconf 90' lang='lat' dir='ltr'><strong>dicit.</strong></span> 
     </span>
    </p>
   </div>
  </div>
 </body>
</html>
