1650 2826
108 203 199 253 ιε
383 195 668 249 ACTUS
712 197 831 243 111.
886 196 992 243 sc.
1044 198 1121 245 11.
1287 214 1375 260 233

112 310 224 357 Atat
237 343 253 368 ,
287 309 405 372 perii
430 309 588 357 hercle
608 321 695 370 ego
728 305 896 352 miser!
928 305 1076 367 aperit
1110 303 1379 352 Bacchanal.

188 438 191 444 V
362 379 517 432 adest:

118 454 354 519 Sequitur.
378 453 471 499 scio
499 467 645 512 quam
667 466 768 496 rem
790 466 947 515 geram
968 471 978 496 :
1020 451 1114 498 hoc
1140 451 1265 515 ipsus
1287 469 1385 498 ma-

362 524 501 591 gister
529 540 607 572 me
632 522 808 571 docuit.

466 658 852 707 SGENA
924 661 1022 706 II.
1175 646 1185 670 ⁹

289 800 704 838 BUCLIO.
765 800 1228 837 GONGRIQ.

570 910 943 944 EUCLIO.

127 972 362 1087 REDI.
396 1053 496 1098 quo
520 1036 640 1100 fugis
668 1035 831 1082 nunc?
857 1046 995 1092 tene,
1014 1045 1141 1081 tene.

546 1128 573 1163 c
601 1127 640 1161 -ο
677 1129 709 1162 Ν
749 1127 782 1163 G
815 1129 850 1162 R
883 1127 904 1159 1
940 1127 988 1159 o.

781 1195 918 1265 Quid
932 1229 946 1251 ‚
970 1194 1137 1241 stolide
1153 1228 1168 1252 ,
1195 1195 1360 1240 clamas
1374 1196 1397 1240 ?

579 1291 610 1323 Ε
646 1291 682 1323 U
716 1294 744 1325 c
779 1294 808 1325 1.
845 1295 864 1325 1
902 1295 949 1326 o.

110 1398 114 1409 .
138 1357 267 1426 Quia
286 1356 348 1405 ad
361 1357 587 1404 Trisviros
599 1359 701 1421 jam
718 1366 806 1422 ego
828 1359 1035 1405 deferam
1051 1371 1192 1406 tuum
1207 1376 1399 1407 nomen.

550 1465 992 1499 CONGRIO.

1039 1521 1404 1594 Quamobrem?

591 1601 622 1636 E
658 1600 693 1632 U
728 1601 755 1634 C
788 1599 819 1636 I.
853 1600 875 1632 1
912 1600 961 1634 0-

142 1672 271 1745 Quia
299 1663 506 1720 cljlttum
538 1671 695 1717 habes.

547 1767 574 1799 c
610 1766 642 1798 o
678 1766 713 1798 N
750 1764 783 1798 G
817 1765 851 1799 R
884 1765 906 1798 1
942 1765 990 1802 o.

620 1842 804 1889 Cocum
829 1842 980 1890 decet.

592 1940 626 1975 E
660 1940 696 1973 U
730 1941 759 1975 C
790 1939 824 1973 L
855 1940 876 1971 1
915 1940 962 1972 O.

936 1997 1072 2068 Quid
1099 1997 1413 2044 comminatus

576 2136 1015 2171 CONGRIO.

331 2209 458 2255 Istuc
483 2205 788 2251 malefactum
815 2206 1013 2252 asbitror
1031 2241 1045 2263 ‚
1078 2207 1191 2267 quia
1220 2224 1321 2255 non
1350 2209 1416 2254 la·-

880 2292 956 2326 tus
983 2279 1097 2326 fodi.

603 2372 634 2406 Ε
670 2371 706 2403 U
740 2372 767 2404 c
801 2370 834 2405 1.
865 2371 886 2403 1
922 2371 969 2405 o.

161 2440 322 2491 Homo
340 2443 498 2492 nullus
524 2453 590 2490 est
615 2453 663 2489 te
685 2441 941 2502 scelestior,
967 2441 1053 2502 qui
1073 2441 1200 2490 vivat
1229 2441 1372 2487 hodie
1388 2475 1403 2497 ‚
