1650 2826
114 213 239 258 v.55
373 190 663 242 ACTUS
714 189 776 237 V.
821 187 925 236 SC.
979 188 1098 235 III.
1299 203 1390 249 545

440 315 469 348 c
503 314 534 347 1.
567 311 598 345 Β
634 311 669 344 ο
706 309 730 343 s
765 309 797 341 'r
831 309 866 342 n
903 307 939 340 A
973 307 1006 339 ‘r
1038 306 1088 339 A.

118 386 197 432 St!
230 392 607 446 concrepuerunt
634 379 766 425 fores.

534 487 567 520 Ο
603 487 635 520 1.
668 487 704 519 Y
739 485 781 518 M
818 485 847 519 P
883 485 903 519 I
941 485 989 519 Ο.

638 556 772 601 Num
797 556 875 602 illa
904 571 982 600 me
1011 571 1122 600 nam
1148 554 1395 615 sequitur?

433 699 825 747 SVCENA
903 699 1060 746 III.

240 854 730 892 STALINO,
794 852 1263 889 OLYMPIO.

490 980 978 1016 ‘STALINQ

123 1053 464 1166 MAXUMO
493 1133 581 1181 ego
608 1115 749 1162 ardeo
772 1114 977 1179 flagitio,
999 1131 1089 1161 nec
1113 1115 1235 1176 quid
1261 1131 1398 1180 agam

373 1191 490 1235 meis
518 1189 657 1234 rebus
686 1188 780 1235 scio
794 1223 809 1245 ,

126 1262 229 1309 Nec
262 1279 420 1309 meam
450 1273 507 1308 ut
538 1278 739 1308 uxorem
768 1261 986 1323 aspiciam
1022 1273 1184 1308 contra
1217 1263 1394 1308 oculis:

376 1334 441 1379 ita
470 1328 668 1394 disperii.

129 1404 309 1452 Omnia
334 1407 492 1467 palam
522 1417 634 1452 sunt
656 1406 854 1467 probra;
885 1406 1109 1453 omnibus
1133 1407 1287 1452 modis
1317 1423 1397 1452 oc-

378 1479 471 1525 cidi
494 1479 643 1524 miset.

126 1549 200 1596 Ita
229 1549 476 1596 manifesto
505 1550 718 1596 fimcibus
749 1562 913 1598 teneor
934 1572 946 1598 :

128 1621 232 1668 Nec
255 1623 431 1682 quibus
453 1622 607 1668 modis
627 1639 829 1686 purgem
854 1625 949 1669 scio
975 1641 1055 1670 me
1081 1641 1213 1671 meae
1233 1626 1397 1683 uxori,

130 1693 234 1762 Qui
261 1694 534 1755 expalliatus
564 1711 671 1739 sum
700 1694 862 1739 miser:
900 1696 927 1722 *
962 1697 988 1723 *

130 1765 157 1793 *
190 1765 217 1792 *
250 1766 276 1792 *
310 1765 622 1810 clandestinae
648 1765 843 1826 nuptiae
862 1766 887 1794 ³⁴⁸·
911 1767 939 1794 ²⁶⁸

130 1837 156 1864 *
189 1837 215 1864 ²²
248 1838 275 1865 ²
306 1838 333 1865 *
366 1853 533 1882 censeo

133 1908 160 1935 ²²
191 1908 218 1935 ²
251 1908 277 1935 *²
309 1908 429 1953 mihi
460 1918 720 1969 optumum
754 1918 833 1953 est.

133 1981 159 2007 *
193 1980 219 2006 *
254 1995 307 2024 ea
334 1979 435 2024 dux
456 1996 661 2025 uxorem
689 1996 874 2024 meam:

134 2053 161 2080 a
258 2052 284 2078 ει
381 2053 407 2079 z·-
503 2053 529 2080 e
626 2053 652 2079 ε
747 2068 877 2096 nam·

134 2123 231 2171 Sed
266 2124 425 2184 ecquis
464 2134 531 2169 est
568 2124 653 2183 qui
686 2125 835 2170 homo
868 2139 1045 2169 munus
1074 2126 1190 2172 velit
1220 2126 1402 2193 fungier

386 2203 474 2256 pro
498 2195 612 2240 me?

138 2266 275 2336 Quid
298 2283 429 2313 nunc
453 2284 586 2330 agam
610 2267 766 2312 nescio
780 2301 795 2323 ,
818 2268 905 2312 nisi
925 2278 980 2313 ut
1002 2268 1226 2329 inprobos
1249 2270 1403 2316 famu-

386 2341 456 2385 los
483 2340 667 2397 imiter,
695 2356 747 2385 ac
777 2340 924 2385 domo
953 2340 1143 2404 fugiam.

139 2409 263 2456 Nam
291 2414 409 2458 salus
438 2413 569 2458 nulla
598 2416 677 2457 est‘
696 2412 920 2474 scapulis,
947 2413 985 2458 si
1012 2413 1214 2459 domum
1246 2413 1402 2459 redeo.

214 2483 299 2528 Vol.
321 2485 360 2529 I.
391 2513 402 2519 ν
1080 2488 1134 2534 Μ
1163 2505 1213 2534 m
