1650 2826
47 141 250 229 'use
366 172 675 224 ACTUS
732 172 815 220 11.
866 131 1145 218 sc.⁰111.
1310 185 1405 232 μς

393 290 1101 330 PHILOCRATES.

939 360 1223 407 Mandavisti
1255 361 1373 407 satis.

128 440 272 490 Satin'
285 438 455 497 habes,
470 435 693 484 mandata
714 452 838 498 quae
856 447 967 482 sunt
981 470 996 494 ‚
1013 435 1135 483 facta
1149 435 1186 480 si
1200 435 1349 482 refero
1363 434 1389 487 ἓ

479 535 1033 573 ΤΥΝΒΔΒΠ3.·

1273 593 1403 642 Satis.

415 685 1122 725 PHILOCRATES.

126 761 189 810 Et
203 771 287 808 tua
309 771 357 807 et
376 771 459 806 tua
476 760 572 805 huc
592 767 781 804 ornatus
801 755 1041 802 reveniam
1060 771 1122 802 ex
1139 757 1383 803 sententia.

126 833 382 898 Numquid
407 831 574 880 aliud?

501 924 533 956 T
569 924 604 956 Y
639 924 674 957 N
707 924 743 956 D
778 922 813 955 A
849 923 883 956 R
918 921 954 955 U
989 922 1028 957 s.

375 994 442 1041 Ut
456 1028 471 1051 ‚
495 993 855 1055 quamprimum
881 991 1024 1054 possis
1042 1026 1055 1050 ,
1073 991 1247 1039 redeas.

414 1086 1121 1124 PHILOCRATES.

958 1147 962 1149 Δ
1105 1155 1195 1203 Res
1225 1168 1409 1204 monet.

613 1250 650 1282 Η
683 1250 714 1282 E
750 1249 784 1283 G
817 1250 839 1282 1
876 1251 923 1284 o.

136 1320 344 1382 Sequere
371 1332 452 1363 me
470 1350 485 1374 ‚
511 1316 740 1363 viaticum
766 1327 824 1362 ut
850 1317 962 1363 dem
995 1317 1108 1363 hinc
1124 1334 1164 1373 ,a
1190 1320 1411 1380 trapezita

386 1389 501 1436 tibi:

134 1467 315 1517 Eadem
335 1481 477 1528 opera
492 1483 519 1510 a
533 1466 751 1511 Praetore
767 1482 950 1512 sumam
967 1467 1302 1530 syngraphum.

507 1562 538 1595 T
575 1561 609 1593 Y
646 1561 680 1594 N
716 1560 752 1592 D
793 1559 828 1592 A
863 1561 896 1593 R
932 1558 967 1590 U
1005 1559 1044 1592 s.

865 1627 1030 1696 Quem
1053 1629 1408 1692 syngraphum?

615 1721 652 1754 n
687 1721 716 1754 Ε
755 1718 787 1753 G
807 1711 844 1753 ¹1
882 1720 931 1755 0.
1102 1715 1106 1718 ’

140 1796 303 1864 Quem
320 1791 396 1839 hic
417 1790 532 1838 ferat
553 1804 711 1837 secum
727 1789 788 1835 ad
805 1789 1044 1853 legionem
1055 1823 1071 1849 ‚
1087 1791 1200 1840 hinc
1214 1793 1281 1841 ire
1293 1795 1407 1843 huic

390 1880 446 1915 ut
475 1868 610 1914 liceat
642 1866 861 1912 domum.

139 1942 219 1990 Tu
243 1942 367 1989 intro
393 1942 482 1988 abi.

528 2034 560 2067 ‘r
596 2033 631 2066 Y
664 2033 699 2066 N
733 2033 769 2066 n
804 2032 839 2064 A
873 2031 908 2064 R
944 2030 980 2063 U
1017 2031 1057 2065 s.

365 2162 368 2165 ἱ
391 2102 519 2151 Bene
546 2101 803 2147 ambulato-

441 2191 1140 2230 PHILOCRATES.

721 2262 849 2309 Bene
881 2262 997 2308 vale.

626 2359 664 2393 Η
696 2359 728 2392 Ε
765 2358 797 2391 G
832 2357 853 2390 1
889 2357 937 2391 o.

917 2422 1104 2486 Edepol
1130 2440 1231 2470 rem
1258 2439 1414 2471 meam

1071 2494 1222 2546 Dd2
