<?xml version="1.0" encoding="UTF-8"?>
<!DOCTYPE html PUBLIC "-//W3C//DTD XHTML 1.0 Transitional//EN"
    "http://www.w3.org/TR/xhtml1/DTD/xhtml1-transitional.dtd">
<html xmlns="http://www.w3.org/1999/xhtml" xml:lang="en" lang="en">
 <head>
  <title>
</title>
<meta http-equiv="Content-Type" content="text/html;charset=utf-8" />
  <meta name='ocr-system' content='tesseract 3.04.00' />
  <meta name='ocr-capabilities' content='ocr_page ocr_carea ocr_par ocr_line ocrx_word'/>
</head>
<body>
  <div class='ocr_page' id='page_1' title='image "./comoediaesuperst01plauuoft_0526.png"; bbox 0 0 1650 2826; ppageno 0'>
   <div class='ocr_carea' id='block_1_1' title="bbox 221 229 312 280">
    <p class='ocr_par' dir='ltr' id='par_1_1' title="bbox 221 229 312 280">
     <span class='ocr_line' id='line_1_1' title="bbox 221 229 312 280; baseline 0 0"><span class='ocrx_word' id='word_1_1' title='bbox 221 229 312 280; x_wconf 81' lang='lat'><em>472</em></span> 
     </span>
    </p>
   </div>
   <div class='ocr_carea' id='block_1_2' title="bbox 400 371 1331 471">
    <p class='ocr_par' dir='ltr' id='par_1_2' title="bbox 400 371 1331 482">
     <span class='ocr_line' id='line_1_2' title="bbox 400 371 1331 471; baseline 0.01 -10"><span class='ocrx_word' id='word_1_2' title='bbox 400 371 1331 471; x_wconf 74' lang='lat' dir='ltr'>PROLOGUS.</span> 
     </span>
    </p>
   </div>
   <div class='ocr_carea' id='block_1_3' title="bbox 165 520 1471 2549">
    <p class='ocr_par' dir='ltr' id='par_1_3' title="bbox 165 520 1471 2549">
     <span class='ocr_line' id='line_1_3' title="bbox 229 520 1278 655; baseline 0.004 -22"><span class='ocrx_word' id='word_1_3' title='bbox 229 520 318 637; x_wconf 75' lang='lat' dir='ltr'><em>S</em></span> <span class='ocrx_word' id='word_1_4' title='bbox 326 597 356 634; x_wconf 86' lang='lat' dir='ltr'><strong><em>A</em></strong></span> <span class='ocrx_word' id='word_1_5' title='bbox 372 598 406 634; x_wconf 91' lang='lat' dir='ltr'><em>L</em></span> <span class='ocrx_word' id='word_1_6' title='bbox 421 599 454 634; x_wconf 85' lang='lat' dir='ltr'><em>V</em></span> <span class='ocrx_word' id='word_1_7' title='bbox 466 600 502 634; x_wconf 83' lang='lat' dir='ltr'><em>E</em></span> <span class='ocrx_word' id='word_1_8' title='bbox 517 596 548 632; x_wconf 88' lang='lat' dir='ltr'><em>R</em></span> <span class='ocrx_word' id='word_1_9' title='bbox 565 598 601 632; x_wconf 85' lang='lat' dir='ltr'><em>E</em></span> <span class='ocrx_word' id='word_1_10' title='bbox 619 586 747 653; x_wconf 88' lang='lat' dir='ltr'><em>jubeo</em></span> <span class='ocrx_word' id='word_1_11' title='bbox 777 598 1032 652; x_wconf 80' lang='lat' dir='ltr'><em>spectatores</em></span> <span class='ocrx_word' id='word_1_12' title='bbox 1057 601 1247 655; x_wconf 88' lang='lat' dir='ltr'><em>optumos</em></span> <span class='ocrx_word' id='word_1_13' title='bbox 1262 626 1278 639; x_wconf 84' lang='lat'>,</span> 
     </span>
     <span class='ocr_line' id='line_1_4' title="bbox 226 660 1245 725; baseline 0.002 -19"><span class='ocrx_word' id='word_1_14' title='bbox 226 661 375 711; x_wconf 86' lang='lat' dir='ltr'><em>Fidem</em></span> <span class='ocrx_word' id='word_1_15' title='bbox 402 663 475 725; x_wconf 86' lang='lat' dir='ltr'><em>qui</em></span> <span class='ocrx_word' id='word_1_16' title='bbox 490 660 654 725; x_wconf 85' lang='lat' dir='ltr'><em>facitis</em></span> <span class='ocrx_word' id='word_1_17' title='bbox 678 663 875 706; x_wconf 88' lang='lat' dir='ltr'><em>maxumi</em></span> <span class='ocrx_word' id='word_1_18' title='bbox 890 678 908 708; x_wconf 92' lang='lat'><em>;</em></span> <span class='ocrx_word' id='word_1_19' title='bbox 937 673 980 707; x_wconf 90' lang='lat' dir='ltr'><em>et</em></span> <span class='ocrx_word' id='word_1_20' title='bbox 1007 678 1079 709; x_wconf 82' lang='lat' dir='ltr'><em>vos</em></span> <span class='ocrx_word' id='word_1_21' title='bbox 1106 661 1245 708; x_wconf 84' lang='lat' dir='ltr'><em>Fides.</em></span> 
     </span>
     <span class='ocr_line' id='line_1_5' title="bbox 226 735 1288 796; baseline 0.002 -14"><span class='ocrx_word' id='word_1_22' title='bbox 226 737 278 782; x_wconf 85' lang='lat' dir='ltr'><em>Si</em></span> <span class='ocrx_word' id='word_1_23' title='bbox 303 752 450 782; x_wconf 87' lang='lat' dir='ltr'><em>verum</em></span> <span class='ocrx_word' id='word_1_24' title='bbox 483 735 605 783; x_wconf 77' lang='lat' dir='ltr'><em>dixi,</em></span> <span class='ocrx_word' id='word_1_25' title='bbox 634 736 806 796; x_wconf 80' lang='lat' dir='ltr'><em>signum</em></span> <span class='ocrx_word' id='word_1_26' title='bbox 835 736 1000 780; x_wconf 89' lang='lat' dir='ltr'><em>clarum</em></span> <span class='ocrx_word' id='word_1_27' title='bbox 1034 735 1132 781; x_wconf 88' lang='lat' dir='ltr'><em>date</em></span> <span class='ocrx_word' id='word_1_28' title='bbox 1157 737 1288 785; x_wconf 73' lang='lat' dir='ltr'><em>mihi,</em></span> 
     </span>
     <span class='ocr_line' id='line_1_6' title="bbox 233 806 1471 875; baseline 0.005 -23"><span class='ocrx_word' id='word_1_29' title='bbox 233 806 295 852; x_wconf 91' lang='lat' dir='ltr'><em>Ut</em></span> <span class='ocrx_word' id='word_1_30' title='bbox 315 823 387 854; x_wconf 86' lang='lat' dir='ltr'><em>vos</em></span> <span class='ocrx_word' id='word_1_31' title='bbox 411 806 520 852; x_wconf 81' lang='lat' dir='ltr'><em>mihi</em></span> <span class='ocrx_word' id='word_1_32' title='bbox 537 823 622 853; x_wconf 90' lang='lat' dir='ltr'><em>esse</em></span> <span class='ocrx_word' id='word_1_33' title='bbox 646 824 796 870; x_wconf 83' lang='lat' dir='ltr'><em>aequos</em></span> <span class='ocrx_word' id='word_1_34' title='bbox 808 810 906 874; x_wconf 86' lang='lat' dir='ltr'><em>jam</em></span> <span class='ocrx_word' id='word_1_35' title='bbox 929 808 1026 853; x_wconf 87' lang='lat' dir='ltr'><em>inde</em></span> <span class='ocrx_word' id='word_1_36' title='bbox 1053 826 1079 854; x_wconf 89' lang='lat' dir='ltr'><em>a</em></span> <span class='ocrx_word' id='word_1_37' title='bbox 1090 811 1303 875; x_wconf 82' lang='lat' dir='ltr'><em>principio</em></span> <span class='ocrx_word' id='word_1_38' title='bbox 1325 813 1471 859; x_wconf 72' lang='lat' dir='ltr'><em>sciam,</em></span> 
     </span>
     <span class='ocr_line' id='line_1_7' title="bbox 279 882 1248 945; baseline 0.001 -19"><span class='ocrx_word' id='word_1_39' title='bbox 279 882 324 926; x_wconf 89' lang='lat' dir='ltr'><em>ui</em></span> <span class='ocrx_word' id='word_1_40' title='bbox 353 891 537 930; x_wconf 87' lang='lat' dir='ltr'><em>utuntur</em></span> <span class='ocrx_word' id='word_1_41' title='bbox 561 882 659 927; x_wconf 81' lang='lat' dir='ltr'><em>vino</em></span> <span class='ocrx_word' id='word_1_42' title='bbox 687 892 825 928; x_wconf 82' lang='lat' dir='ltr'><em>vetere</em></span> <span class='ocrx_word' id='word_1_43' title='bbox 840 915 855 929; x_wconf 82' lang='lat'><em>,</em></span> <span class='ocrx_word' id='word_1_44' title='bbox 880 883 1089 944; x_wconf 85' lang='lat' dir='ltr'><em>sapientes</em></span> <span class='ocrx_word' id='word_1_45' title='bbox 1109 893 1216 945; x_wconf 87' lang='lat' dir='ltr'><em>puto</em></span> <span class='ocrx_word' id='word_1_46' title='bbox 1231 916 1248 931; x_wconf 75' lang='lat'><em>‚</em></span> 
     </span>
     <span class='ocr_line' id='line_1_8' title="bbox 227 953 1236 1018; baseline -0.002 -16"><span class='ocrx_word' id='word_1_47' title='bbox 227 954 288 1003; x_wconf 84' lang='lat' dir='ltr'><em>Et</em></span> <span class='ocrx_word' id='word_1_48' title='bbox 316 955 390 1018; x_wconf 85' lang='lat' dir='ltr'><em>qui</em></span> <span class='ocrx_word' id='word_1_49' title='bbox 419 955 599 1000; x_wconf 80' lang='lat' dir='ltr'><em>libenter</em></span> <span class='ocrx_word' id='word_1_50' title='bbox 619 965 779 1001; x_wconf 81' lang='lat' dir='ltr'><em>veteres</em></span> <span class='ocrx_word' id='word_1_51' title='bbox 806 966 1002 1018; x_wconf 80' lang='lat' dir='ltr'><em>spectant</em></span> <span class='ocrx_word' id='word_1_52' title='bbox 1033 953 1236 1000; x_wconf 78' lang='lat' dir='ltr'><em>Fabul&#39;as.</em></span> 
     </span>
     <span class='ocr_line' id='line_1_9' title="bbox 227 1026 1316 1091; baseline 0.002 -20"><span class='ocrx_word' id='word_1_53' title='bbox 227 1026 420 1088; x_wconf 78' lang='lat' dir='ltr'><em>Antiqua</em></span> <span class='ocrx_word' id='word_1_54' title='bbox 446 1042 572 1089; x_wconf 90' lang='lat' dir='ltr'><em>opera</em></span> <span class='ocrx_word' id='word_1_55' title='bbox 603 1037 648 1070; x_wconf 90' lang='lat' dir='ltr'><em>et</em></span> <span class='ocrx_word' id='word_1_56' title='bbox 668 1026 795 1072; x_wconf 84' lang='lat' dir='ltr'><em>verba</em></span> <span class='ocrx_word' id='word_1_57' title='bbox 823 1043 945 1089; x_wconf 88' lang='lat' dir='ltr'><em>quom</em></span> <span class='ocrx_word' id='word_1_58' title='bbox 973 1027 1088 1074; x_wconf 82' lang='lat' dir='ltr'><em>vobis</em></span> <span class='ocrx_word' id='word_1_59' title='bbox 1113 1027 1316 1091; x_wconf 66' lang='lat' dir='ltr'><em>placent.</em></span> 
     </span>
     <span class='ocr_line' id='line_1_10' title="bbox 226 1098 1208 1162; baseline 0.002 -19"><span class='ocrx_word' id='word_1_60' title='bbox 226 1099 415 1160; x_wconf 86' lang='lat' dir='ltr'><em>Aequom</em></span> <span class='ocrx_word' id='word_1_61' title='bbox 432 1098 605 1162; x_wconf 85' lang='lat' dir='ltr'><em>placere</em></span> <span class='ocrx_word' id='word_1_62' title='bbox 627 1098 682 1143; x_wconf 83' lang='lat' dir='ltr'><em>’st</em></span> <span class='ocrx_word' id='word_1_63' title='bbox 704 1110 802 1145; x_wconf 89' lang='lat' dir='ltr'><em>ante</em></span> <span class='ocrx_word' id='word_1_64' title='bbox 824 1111 984 1145; x_wconf 85' lang='lat' dir='ltr'><em>veteres</em></span> <span class='ocrx_word' id='word_1_65' title='bbox 1006 1098 1208 1159; x_wconf 84' lang='lat' dir='ltr'><em>Fabulas.</em></span> 
     </span>
     <span class='ocr_line' id='line_1_11' title="bbox 229 1171 1365 1235; baseline 0.001 -16"><span class='ocrx_word' id='word_1_66' title='bbox 229 1172 376 1220; x_wconf 79' lang='lat' dir='ltr'><em>Nam,</em></span> <span class='ocrx_word' id='word_1_67' title='bbox 405 1188 518 1218; x_wconf 89' lang='lat' dir='ltr'><em>nunc</em></span> <span class='ocrx_word' id='word_1_68' title='bbox 546 1188 675 1218; x_wconf 85' lang='lat' dir='ltr'><em>novae</em></span> <span class='ocrx_word' id='word_1_69' title='bbox 702 1189 808 1235; x_wconf 88' lang='lat' dir='ltr'><em>quae</em></span> <span class='ocrx_word' id='word_1_70' title='bbox 825 1172 1063 1235; x_wconf 81' lang='lat' dir='ltr'><em>prodeunt.</em></span> <span class='ocrx_word' id='word_1_71' title='bbox 1094 1171 1365 1224; x_wconf 69' lang='lat' dir='ltr'><em>Comoediae.</em></span> 
     </span>
     <span class='ocr_line' id='line_1_12' title="bbox 227 1245 1258 1307; baseline -0.003 -16"><span class='ocrx_word' id='word_1_72' title='bbox 227 1245 368 1291; x_wconf 90' lang='lat' dir='ltr'><em>Multo</em></span> <span class='ocrx_word' id='word_1_73' title='bbox 400 1256 503 1289; x_wconf 90' lang='lat' dir='ltr'><em>sunt</em></span> <span class='ocrx_word' id='word_1_74' title='bbox 537 1245 774 1307; x_wconf 75' lang='lat' dir='ltr'><em>nequiores,</em></span> <span class='ocrx_word' id='word_1_75' title='bbox 802 1261 930 1306; x_wconf 91' lang='lat' dir='ltr'><em>quam</em></span> <span class='ocrx_word' id='word_1_76' title='bbox 961 1246 1122 1289; x_wconf 86' lang='lat' dir='ltr'><em>nummi</em></span> <span class='ocrx_word' id='word_1_77' title='bbox 1149 1246 1258 1290; x_wconf 80' lang='lat' dir='ltr'><em>novi.</em></span> 
     </span>
     <span class='ocr_line' id='line_1_13' title="bbox 226 1317 1329 1380; baseline 0.004 -19"><span class='ocrx_word' id='word_1_78' title='bbox 226 1317 320 1364; x_wconf 92' lang='lat' dir='ltr'><em>Nos</em></span> <span class='ocrx_word' id='word_1_79' title='bbox 345 1329 569 1380; x_wconf 77' lang='lat' dir='ltr'><em>postquam</em></span> <span class='ocrx_word' id='word_1_80' title='bbox 596 1317 744 1380; x_wconf 86' lang='lat' dir='ltr'><em>populi</em></span> <span class='ocrx_word' id='word_1_81' title='bbox 774 1334 985 1363; x_wconf 89' lang='lat' dir='ltr'><em>rumorem</em></span> <span class='ocrx_word' id='word_1_82' title='bbox 1010 1317 1329 1367; x_wconf 77' lang='lat' dir='ltr'><em>intelleximus,</em></span> 
     </span>
     <span class='ocr_line' id='line_1_14' title="bbox 225 1390 1236 1454; baseline 0.001 -18"><span class='ocrx_word' id='word_1_83' title='bbox 225 1390 423 1436; x_wconf 86' lang='lat' dir='ltr'><em>Studiose</em></span> <span class='ocrx_word' id='word_1_84' title='bbox 449 1402 642 1454; x_wconf 88' lang='lat' dir='ltr'><em>expetere</em></span> <span class='ocrx_word' id='word_1_85' title='bbox 666 1407 736 1437; x_wconf 84' lang='lat' dir='ltr'><em>vos</em></span> <span class='ocrx_word' id='word_1_86' title='bbox 763 1390 996 1437; x_wconf 86' lang='lat' dir='ltr'><em>Plautinas</em></span> <span class='ocrx_word' id='word_1_87' title='bbox 1017 1390 1205 1437; x_wconf 87' lang='lat' dir='ltr'><em>Fabulas</em></span> <span class='ocrx_word' id='word_1_88' title='bbox 1221 1411 1236 1436; x_wconf 85' lang='lat'><em>.-</em></span> 
     </span>
     <span class='ocr_line' id='line_1_15' title="bbox 165 1462 1100 1531; baseline 0.004 -23"><span class='ocrx_word' id='word_1_89' title='bbox 165 1500 170 1504; x_wconf 82' lang='grc'>.</span> <span class='ocrx_word' id='word_1_90' title='bbox 227 1465 465 1527; x_wconf 88' lang='lat' dir='ltr'><em>Antiquam</em></span> <span class='ocrx_word' id='word_1_91' title='bbox 495 1466 583 1531; x_wconf 83' lang='lat' dir='ltr'><em>ejus</em></span> <span class='ocrx_word' id='word_1_92' title='bbox 612 1464 774 1510; x_wconf 87' lang='lat' dir='ltr'><em>edimus</em></span> <span class='ocrx_word' id='word_1_93' title='bbox 809 1462 1100 1512; x_wconf 80' lang='lat' dir='ltr'><em>Comoediam‚</em></span> 
     </span>
     <span class='ocr_line' id='line_1_16' title="bbox 228 1536 1307 1612; baseline -0.001 -29"><span class='ocrx_word' id='word_1_94' title='bbox 228 1537 378 1612; x_wconf 61' lang='lat' dir='ltr'><em>Quam</em></span> <span class='ocrx_word' id='word_1_95' title='bbox 407 1554 478 1584; x_wconf 80' lang='lat' dir='ltr'><em>vos</em></span> <span class='ocrx_word' id='word_1_96' title='bbox 501 1538 738 1602; x_wconf 80' lang='lat' dir='ltr'><em>probastis,</em></span> <span class='ocrx_word' id='word_1_97' title='bbox 764 1539 838 1600; x_wconf 84' lang='lat' dir='ltr'><em>qui</em></span> <span class='ocrx_word' id='word_1_98' title='bbox 860 1539 960 1582; x_wconf 89' lang='lat' dir='ltr'><em>estis</em></span> <span class='ocrx_word' id='word_1_99' title='bbox 983 1539 1026 1582; x_wconf 86' lang='lat' dir='ltr'><em>in</em></span> <span class='ocrx_word' id='word_1_100' title='bbox 1049 1536 1307 1582; x_wconf 79' lang='lat' dir='ltr'><em>senioribus.-</em></span> 
     </span>
     <span class='ocr_line' id='line_1_17' title="bbox 227 1612 1282 1678; baseline -0.004 -19"><span class='ocrx_word' id='word_1_101' title='bbox 227 1612 349 1660; x_wconf 80' lang='lat' dir='ltr'><em>Nam</em></span> <span class='ocrx_word' id='word_1_102' title='bbox 365 1614 590 1678; x_wconf 83' lang='lat' dir='ltr'><em>juniorum</em></span> <span class='ocrx_word' id='word_1_103' title='bbox 614 1613 688 1675; x_wconf 90' lang='lat' dir='ltr'><em>qui</em></span> <span class='ocrx_word' id='word_1_104' title='bbox 707 1623 836 1659; x_wconf 84' lang='lat' dir='ltr'><em>sunt.</em></span> <span class='ocrx_word' id='word_1_105' title='bbox 866 1627 948 1656; x_wconf 91' lang='lat' dir='ltr'><em>non</em></span> <span class='ocrx_word' id='word_1_106' title='bbox 979 1621 1164 1658; x_wconf 84' lang='lat' dir='ltr'><em>norunt,</em></span> <span class='ocrx_word' id='word_1_107' title='bbox 1182 1612 1282 1655; x_wconf 87' lang='lat' dir='ltr'><em>scio.</em></span> 
     </span>
     <span class='ocr_line' id='line_1_18' title="bbox 234 1682 1378 1747; baseline -0.002 -18"><span class='ocrx_word' id='word_1_108' title='bbox 234 1683 390 1729; x_wconf 86' lang='lat' dir='ltr'><em>Verum</em></span> <span class='ocrx_word' id='word_1_109' title='bbox 418 1695 468 1728; x_wconf 89' lang='lat' dir='ltr'><em>ut</em></span> <span class='ocrx_word' id='word_1_110' title='bbox 490 1695 773 1745; x_wconf 80' lang='lat' dir='ltr'><em>cognoscant,</em></span> <span class='ocrx_word' id='word_1_111' title='bbox 807 1683 999 1731; x_wconf 85' lang='lat' dir='ltr'><em>dabimus</em></span> <span class='ocrx_word' id='word_1_112' title='bbox 1027 1698 1195 1747; x_wconf 86' lang='lat' dir='ltr'><em>operam</em></span> <span class='ocrx_word' id='word_1_113' title='bbox 1222 1682 1378 1728; x_wconf 88' lang='lat' dir='ltr'><em>sedulo.</em></span> 
     </span>
     <span class='ocr_line' id='line_1_19' title="bbox 227 1754 1460 1820; baseline -0.002 -18"><span class='ocrx_word' id='word_1_114' title='bbox 227 1755 354 1808; x_wconf 88' lang='lat' dir='ltr'><em>Haec</em></span> <span class='ocrx_word' id='word_1_115' title='bbox 376 1774 500 1819; x_wconf 91' lang='lat' dir='ltr'><em>quom</em></span> <span class='ocrx_word' id='word_1_116' title='bbox 526 1758 716 1820; x_wconf 86' lang='lat' dir='ltr'><em>primum</em></span> <span class='ocrx_word' id='word_1_117' title='bbox 744 1768 844 1802; x_wconf 87' lang='lat' dir='ltr'><em>acta</em></span> <span class='ocrx_word' id='word_1_118' title='bbox 866 1756 920 1800; x_wconf 89' lang='lat' dir='ltr'><em>&#39;st</em></span> <span class='ocrx_word' id='word_1_119' title='bbox 934 1791 950 1804; x_wconf 76' lang='lat'><em>.</em></span> <span class='ocrx_word' id='word_1_120' title='bbox 976 1757 1083 1802; x_wconf 84' lang='lat' dir='ltr'><em>vicit</em></span> <span class='ocrx_word' id='word_1_121' title='bbox 1103 1756 1238 1801; x_wconf 86' lang='lat' dir='ltr'><em>omnis</em></span> <span class='ocrx_word' id='word_1_122' title='bbox 1259 1754 1460 1801; x_wconf 79' lang='lat' dir='ltr'><em>Fabulas..</em></span> 
     </span>
     <span class='ocr_line' id='line_1_20' title="bbox 227 1827 1074 1892; baseline 0.002 -19"><span class='ocrx_word' id='word_1_123' title='bbox 227 1827 296 1878; x_wconf 87' lang='lat' dir='ltr'><em>Ea</em></span> <span class='ocrx_word' id='word_1_124' title='bbox 327 1841 572 1892; x_wconf 86' lang='lat' dir='ltr'><em>tempestate</em></span> <span class='ocrx_word' id='word_1_125' title='bbox 588 1827 678 1889; x_wconf 88' lang='lat' dir='ltr'><em>flos</em></span> <span class='ocrx_word' id='word_1_126' title='bbox 705 1827 1074 1891; x_wconf 66' lang='lat' dir='ltr'><em>Poetarumfuit.</em></span> 
     </span>
     <span class='ocr_line' id='line_1_21' title="bbox 278 1902 1345 1948; baseline 0 -1"><span class='ocrx_word' id='word_1_127' title='bbox 278 1904 325 1947; x_wconf 91' lang='lat' dir='ltr'><em>ui</em></span> <span class='ocrx_word' id='word_1_128' title='bbox 346 1919 459 1947; x_wconf 89' lang='lat' dir='ltr'><em>nunc</em></span> <span class='ocrx_word' id='word_1_129' title='bbox 488 1903 685 1948; x_wconf 85' lang='lat' dir='ltr'><em>abierunt</em></span> <span class='ocrx_word' id='word_1_130' title='bbox 714 1902 812 1948; x_wconf 78' lang='lat' dir='ltr'><em>hinc</em></span> <span class='ocrx_word' id='word_1_131' title='bbox 840 1904 883 1948; x_wconf 91' lang='lat' dir='ltr'><em>in</em></span> <span class='ocrx_word' id='word_1_132' title='bbox 910 1919 1167 1948; x_wconf 86' lang='lat' dir='ltr'><em>communem</em></span> <span class='ocrx_word' id='word_1_133' title='bbox 1196 1903 1345 1947; x_wconf 80' lang='lat' dir='ltr'><em>locum.</em></span> 
     </span>
     <span class='ocr_line' id='line_1_22' title="bbox 226 1975 1239 2040; baseline -0.003 -17"><span class='ocrx_word' id='word_1_134' title='bbox 226 1975 316 2023; x_wconf 86' lang='lat' dir='ltr'><em>Sed</em></span> <span class='ocrx_word' id='word_1_135' title='bbox 336 1977 525 2022; x_wconf 87' lang='lat' dir='ltr'><em>absentes</em></span> <span class='ocrx_word' id='word_1_136' title='bbox 560 1988 698 2022; x_wconf 89' lang='lat' dir='ltr'><em>tamen</em></span> <span class='ocrx_word' id='word_1_137' title='bbox 724 1987 907 2040; x_wconf 82' lang='lat' dir='ltr'><em>prosunt</em></span> <span class='ocrx_word' id='word_1_138' title='bbox 927 1975 1239 2040; x_wconf 86' lang='lat' dir='ltr'><em>praesentibus.</em></span> 
     </span>
     <span class='ocr_line' id='line_1_23' title="bbox 233 2048 1225 2114; baseline -0.001 -18"><span class='ocrx_word' id='word_1_139' title='bbox 233 2048 313 2096; x_wconf 83' lang='lat' dir='ltr'><em>Vos</em></span> <span class='ocrx_word' id='word_1_140' title='bbox 333 2066 472 2094; x_wconf 90' lang='lat' dir='ltr'><em>omnes</em></span> <span class='ocrx_word' id='word_1_141' title='bbox 503 2066 623 2114; x_wconf 90' lang='lat' dir='ltr'><em>opere</em></span> <span class='ocrx_word' id='word_1_142' title='bbox 648 2064 804 2110; x_wconf 90' lang='lat' dir='ltr'><em>magno</em></span> <span class='ocrx_word' id='word_1_143' title='bbox 827 2065 912 2094; x_wconf 90' lang='lat' dir='ltr'><em>esse</em></span> <span class='ocrx_word' id='word_1_144' title='bbox 935 2059 1078 2103; x_wconf 88' lang='lat' dir='ltr'><em>oratos</em></span> <span class='ocrx_word' id='word_1_145' title='bbox 1103 2048 1225 2095; x_wconf 78' lang='lat' dir='ltr'><em>volo,</em></span> 
     </span>
     <span class='ocr_line' id='line_1_24' title="bbox 229 2121 1348 2187; baseline -0.003 -20"><span class='ocrx_word' id='word_1_146' title='bbox 229 2121 428 2184; x_wconf 84' lang='lat' dir='ltr'><em>Benigne</em></span> <span class='ocrx_word' id='word_1_147' title='bbox 456 2135 505 2169; x_wconf 90' lang='lat' dir='ltr'><em>ut</em></span> <span class='ocrx_word' id='word_1_148' title='bbox 531 2140 699 2187; x_wconf 84' lang='lat' dir='ltr'><em>operam</em></span> <span class='ocrx_word' id='word_1_149' title='bbox 732 2123 840 2168; x_wconf 89' lang='lat' dir='ltr'><em>detis</em></span> <span class='ocrx_word' id='word_1_150' title='bbox 864 2121 924 2167; x_wconf 86' lang='lat' dir='ltr'><em>ad</em></span> <span class='ocrx_word' id='word_1_151' title='bbox 948 2132 1137 2166; x_wconf 89' lang='lat' dir='ltr'><em>nostrum</em></span> <span class='ocrx_word' id='word_1_152' title='bbox 1158 2135 1348 2181; x_wconf 85' lang='lat' dir='ltr'><em>gregem.</em></span> 
     </span>
     <span class='ocr_line' id='line_1_25' title="bbox 230 2194 1307 2260; baseline -0.002 -20"><span class='ocrx_word' id='word_1_153' title='bbox 230 2194 388 2260; x_wconf 88' lang='lat' dir='ltr'><em>Ejicite</em></span> <span class='ocrx_word' id='word_1_154' title='bbox 413 2214 466 2242; x_wconf 86' lang='lat' dir='ltr'><em>ex</em></span> <span class='ocrx_word' id='word_1_155' title='bbox 496 2199 636 2242; x_wconf 87' lang='lat' dir='ltr'><em>animo</em></span> <span class='ocrx_word' id='word_1_156' title='bbox 666 2214 813 2244; x_wconf 92' lang='lat' dir='ltr'><em>curam</em></span> <span class='ocrx_word' id='word_1_157' title='bbox 844 2207 968 2259; x_wconf 87' lang='lat' dir='ltr'><em>atque</em></span> <span class='ocrx_word' id='word_1_158' title='bbox 993 2195 1178 2240; x_wconf 88' lang='lat' dir='ltr'><em>alienum</em></span> <span class='ocrx_word' id='word_1_159' title='bbox 1211 2209 1307 2238; x_wconf 88' lang='lat' dir='ltr'><em>aes:</em></span> 
     </span>
     <span class='ocr_line' id='line_1_26' title="bbox 226 2267 1132 2331; baseline -0.002 -17"><span class='ocrx_word' id='word_1_160' title='bbox 226 2267 298 2314; x_wconf 92' lang='lat' dir='ltr'><em>Ne</em></span> <span class='ocrx_word' id='word_1_161' title='bbox 328 2270 419 2329; x_wconf 84' lang='lat' dir='ltr'><em>quis</em></span> <span class='ocrx_word' id='word_1_162' title='bbox 435 2268 648 2331; x_wconf 87' lang='lat' dir='ltr'><em>formidet</em></span> <span class='ocrx_word' id='word_1_163' title='bbox 663 2268 970 2330; x_wconf 83' lang='lat' dir='ltr'><em>flagitatorem</em></span> <span class='ocrx_word' id='word_1_164' title='bbox 997 2285 1132 2313; x_wconf 89' lang='lat' dir='ltr'><em>suum.</em></span> 
     </span>
     <span class='ocr_line' id='line_1_27' title="bbox 227 2337 1203 2401; baseline -0.001 -19"><span class='ocrx_word' id='word_1_165' title='bbox 227 2337 343 2388; x_wconf 87' lang='lat' dir='ltr'><em>Ludi</em></span> <span class='ocrx_word' id='word_1_166' title='bbox 373 2352 486 2384; x_wconf 88' lang='lat' dir='ltr'><em>sunt.</em></span> <span class='ocrx_word' id='word_1_167' title='bbox 523 2341 647 2386; x_wconf 85' lang='lat' dir='ltr'><em>ludus</em></span> <span class='ocrx_word' id='word_1_168' title='bbox 677 2341 804 2387; x_wconf 86' lang='lat' dir='ltr'><em>datus</em></span> <span class='ocrx_word' id='word_1_169' title='bbox 837 2353 899 2386; x_wconf 82' lang='lat' dir='ltr'><em>est</em></span> <span class='ocrx_word' id='word_1_170' title='bbox 929 2339 1203 2401; x_wconf 86' lang='lat' dir='ltr'><em>argentariis.</em></span> 
     </span>
     <span class='ocr_line' id='line_1_28' title="bbox 234 2406 1404 2473; baseline -0.002 -17"><span class='ocrx_word' id='word_1_171' title='bbox 234 2409 537 2473; x_wconf 86' lang='lat' dir='ltr'><em>Tranquillum</em></span> <span class='ocrx_word' id='word_1_172' title='bbox 564 2413 619 2456; x_wconf 87' lang='lat' dir='ltr'><em>&#39;st</em></span> <span class='ocrx_word' id='word_1_173' title='bbox 635 2432 649 2456; x_wconf 88' lang='grc'><em>.-</em></span> <span class='ocrx_word' id='word_1_174' title='bbox 675 2412 907 2458; x_wconf 86' lang='lat' dir='ltr'><em>Alcedonia</em></span> <span class='ocrx_word' id='word_1_175' title='bbox 934 2423 1036 2457; x_wconf 89' lang='lat' dir='ltr'><em>sunt</em></span> <span class='ocrx_word' id='word_1_176' title='bbox 1064 2412 1222 2455; x_wconf 87' lang='lat' dir='ltr'><em>circum</em></span> <span class='ocrx_word' id='word_1_177' title='bbox 1238 2406 1404 2471; x_wconf 85' lang='lat' dir='ltr'><em>forum.</em></span> 
     </span>
     <span class='ocr_line' id='line_1_29' title="bbox 230 2483 1256 2549; baseline -0.007 -17"><span class='ocrx_word' id='word_1_178' title='bbox 230 2485 411 2535; x_wconf 80' lang='lat' dir='ltr'><em>Ratione</em></span> <span class='ocrx_word' id='word_1_179' title='bbox 441 2494 650 2534; x_wconf 74' lang='lat' dir='ltr'><em>utuntur,</em></span> <span class='ocrx_word' id='word_1_180' title='bbox 677 2485 787 2531; x_wconf 84' lang='lat' dir='ltr'><em>ludis</em></span> <span class='ocrx_word' id='word_1_181' title='bbox 803 2496 990 2549; x_wconf 86' lang='lat' dir='ltr'><em>poscunt</em></span> <span class='ocrx_word' id='word_1_182' title='bbox 1018 2483 1220 2532; x_wconf 87' lang='lat' dir='ltr'><em>neminem</em></span> <span class='ocrx_word' id='word_1_183' title='bbox 1238 2497 1256 2526; x_wconf 88' lang='lat'><em>;</em></span> 
     </span>
    </p>
   </div>
  </div>
 </body>
</html>
