1650 2826
177 206 293 254 vm
320 223 323 226 ·

429 202 546 254 ,Μ
611 201 815 249 acc]
875 161 1199 251 PLAUTI

373 312 762 360 emendatissimae,
791 328 887 358 cum
909 314 1235 357 accuratissima
1259 329 1309 358 ac
1335 313 1456 359 lucu*

377 379 613 423 lentissima
643 378 995 440 interpretatione
1029 377 1360 422 dot‘lissimorum
1390 380 1459 424 vi..

373 457 519 488 rorum
547 442 670 487 Petri
700 441 859 487 Vallae
888 441 1135 487 Placentini
1167 454 1208 487 et
1231 441 1456 488 Bernardi

374 505 588 553 Saraceni
627 506 779 552 Veneti.
814 506 1052 567 Inscripsit
1078 523 1192 552 vero
1229 507 1455 553 Plautum

373 588 515 618 suum
529 570 579 631 J
587 570 639 616 P.
658 571 781 617 Valla
797 571 951 632 inclyto
980 570 1024 615 V.
1042 570 1091 631 J.
1105 571 1460 617 DoctoriScara-

374 653 524 683 muzae
536 636 727 683 trivultio
735 630 1042 698 Mediolanensi
1047 638 1236 699 patricio
1240 638 1459 700 primario.

371 700 635 763 Epistolam
654 698 898 761 excipiunt
911 702 954 745 in
968 700 1200 756 Plautinas
1215 700 1459 746 Comoedias

374 767 771 831 interpretationes,
808 764 859 810 in
891 780 1094 824 quarum
1127 765 1220 811 fine
1255 765 1458 829 legitur:

374 831 636 895 Impressum
671 830 851 875 Venetiis
883 846 978 874 aere
1007 842 1050 875 et
1091 832 1278 894 impensa
1306 830 1466 875 eruditi

376 898 463 944 ‘viri
476 895 620 944 Marci
633 894 842 941 Firmani.
869 895 1279 955 Interpretationes
1301 894 1462 941 Vallae

376 960 643 1021 insequitur
666 959 885 1005 Bernardi
905 959 1116 1005 Saraceni
1140 977 1200 1024 ep.
1220 959 1463 1006 dedicato-

378 1026 445 1072 ria
468 1026 527 1071 ad
546 1023 702 1070 Franc.
729 1024 986 1070 Marcellum
1010 1024 1264 1088 Pontificem
1288 1025 1333 1069 T
1328 1042 1465 1086 ragu-

375 1093 547 1138 rinum;
573 1105 719 1149 quam
747 1089 989 1149 excipiunt
1015 1090 1113 1152 ejus
1143 1101 1247 1135 tum
1269 1089 1466 1135 emenda-

379 1158 514 1202 tiones
533 1157 576 1200 in
598 1155 794 1215 singulas
810 1153 1041 1199 Plautinas
1055 1154 1319 1204 Comoedias,
1341 1170 1465 1214 quae

378 1221 698 1282 septingentae
726 1218 873 1264 ferme
896 1229 1030 1268 sunt;
1058 1218 1106 1263 in
1129 1219 1302 1279 quibus
1321 1219 1463 1266 etiam

379 1284 582 1348 castigati
621 1294 732 1329 sunt
759 1299 932 1329 errores
966 1284 1365 1330 interlocutorum
1394 1284 1465 1330 fe-

378 1367 432 1398 re
463 1348 827 1412 quadringenti:
860 1358 969 1394 tum
1004 1348 1054 1393 in
1083 1349 1199 1408 ipsas
1233 1348 1467 1396 Plautinas

383 1414 497 1461 Com.
514 1414 822 1460 emendationes
840 1425 882 1458 et
900 1414 1214 1462 enarrationes,
1235 1413 1339 1459 illae
1363 1414 1468 1475 qui-

384 1479 496 1524 dem
514 1479 565 1524 in
589 1479 822 1542 margine,
854 1478 942 1523 hae
971 1478 1058 1523 sub
1077 1488 1227 1523 textu.
1248 1478 1467 1525 Tandem

366 1546 436 1590 in
464 1543 558 1589 fine
585 1543 779 1606 legitur:
810 1542 1274 1609 Impressum'Venetiis
1294 1561 1376 1609 per
1396 1545 1469 1589 Si-

384 1626 547 1655 monem
556 1608 823 1673 Papiensem,
844 1608 1005 1652 dictum
1018 1607 1268 1671 Bivilaqua,
1288 1621 1331 1654 et
1349 1626 1468 1655 sum-

382 1692 455 1719 ma
471 1674 701 1735 diligentia
723 1673 988 1718 emendatum
1013 1683 1062 1717 ut
1084 1689 1137 1717 ex
1150 1676 1375 1736 postremis
1395 1692 1470 1720 ca-

387 1738 690 1799 stigat'ionibus
704 1738 880 1799 patebit.
902 1738 1024 1781 Anno
1042 1737 1326 1782 humanitatis
1343 1738 1470 1783 Clzri-

387 1798 763 1849 sti-MCDXCIX
788 1812 878 1845 XV.
902 1800 1119 1845 Kalendas
1148 1800 1358 1847 Octobres.
1391 1804 1470 1848 Se-

354 1887 358 1911 :
390 1868 549 1913 rent'ss.>
564 1866 805 1927 Augustino
819 1864 1062 1910 Barbadico
1083 1864 1328 1911 Venetorum
1342 1866 1471 1913 Duce

387 1935 637 1997 imperante.
666 1929 993 1993 Subjiciuntur
1014 1929 1344 1992 epigrammata
1367 1931 1471 1977 Do·-

389 1996 502 2044 mici
512 1994 708 2040 Palladii
720 1993 883 2040 Sorani
892 1992 1099 2039 ad'Bern.
1118 1993 1325 2041 Saracen.
1344 1996 1472 2042 Plau·

390 2062 429 2106 ti
438 2062 747 2122 >interpretem
765 2059 1039 2105 fidissimum
1059 2069 1106 2104 et
1125 2059 1186 2104 de
1201 2059 1359 2106 Marco
1371 2061 1470 2108 Fir-

366 2129 368 2131 ’
390 2141 559 2172 mano:
591 2136 697 2171 turn
718 2124 987 2187 Registrum
1006 2157 1019 2180 ,
1044 2124 1155 2180 dein
1175 2125 1467 2171 emendatio-

390 2207 474 2237 nes
494 2197 779 2250 postremae:
803 2189 962 2234 Paucis
977 2192 1291 2253 praetermissis
1309 2192 1352 2236 in
1374 2192 1470 2260 gui-

395 2256 469 2301 bus
488 2266 565 2312 aut
583 2254 695 2299 deest
710 2266 786 2299 aut
805 2266 993 2317 superest
1015 2254 1293 2317 dz‘ptlzongus:
1315 2256 1383 2301 vel
1402 2258 1471 2300 in-

394 2321 627 2383 terpunctis
659 2336 739 2364 non
767 2321 848 2364 erit
875 2319 1081 2363 commode
1111 2319 1230 2363 lectio
1262 2320 1438 2380 signata
1455 2338 1468 2363 :

391 2396 538 2430 errata
556 2384 717 2446 reliqua
736 2386 797 2428 sic
816 2382 1108 2427 emendentur:
1138 2394 1180 2426 et
1195 2384 1234 2427 si
1253 2384 1469 2428 solertiam

389 2461 434 2496 et
456 2449 723 2510 diligentiam
752 2448 1011 2511 impressoris
1033 2447 1175 2492 nullus
1196 2449 1255 2491 sit
1281 2449 1354 2510 qui
1370 2464 1471 2512 pos-
