1650 2826
171 197 307 246 v.,18
442 190 753 242 ACTUS
802 190 901 237 IV.
951 189 1053 236 SC.
1089 190 1137 235 Ι..
1342 189 1443 246 581

178 304 274 350 Ubi
303 302 405 348 estis
423 299 619 359 ,εει-κήξ)
646 297 880 345 occludite
912 294 1036 340 aedis
1070 291 1286 354 pessulis,
1316 307 1448 352 repa-

178 447 273 495 Ubi
298 448 419 494 hanc
432 374 549 509 ἓξὲξ
562 406 767 489 ’tetulero
800 440 920 486 intra
945 439 1106 484 limen.
1155 441 1165 447 ‘

548 537 592 570 Μ
625 536 655 569 E
691 536 723 569 L
757 535 793 567 A
827 533 857 566 E
894 534 936 567 Ν.
963 533 985 565 1
1020 532 1059 566 s.

1073 600 1206 646 Abiit
1221 632 1234 655 ,
1260 597 1453 645 abstulit

177 682 442 728 Mulierem.
485 680 567 726 ibo
584 712 597 736 ,
625 693 875 739 persequar
901 678 1002 741 jam
1035 675 1174 720 illum
1204 673 1328 718 intro
1347 705 1363 729 ‚
1395 682 1451 717 ut

425 754 539 798 haec
567 766 627 796 ex
654 767 732 796 me
765 750 875 795 sciat

177 824 386 883 Eadem,
415 823 452 869 si
483 838 676 884 possum
703 820 1016 881 txanquillum
1044 817 1193 865 facete
1228 831 1290 861 ex
1313 815 1430 861 i1ato

426 896 565 944 mihi·

478 1064 924 1122 ACTUS
1001 1064 1143 1122 IV.

579 1195 1007 1242 SCENAI.

225 1343 798 1383 LAMPADJSCUS„
840 1341 1402 1378 PHANOSTRATA.

458 1469 1181 1510 LAMPADISCUSf

183 1538 287 1649 N
291 1614 368 1647 ΠΙ.
381 1613 507 1647 LAM
543 1617 630 1665 ego
655 1612 736 1646 11oe
760 1600 933 1647 vidisse
956 1601 1096 1647 eredo
1128 1602 1271 1666 magis
1302 1618 1451 1648 anum

435 1675 792 1720 excruciabilem

185 1747 350 1817 Quam
378 1747 509 1793 illaec
545 1759 610 1793 est
628 1749 656 1805 ,⁶
674 1765 799 1808 quae
831 1747 1020 1794 dudum
1054 1747 1163 1794 fassa
1198 1759 1265 1793 est
1297 1749 1452 1805 mihi,

438 1836 560 1880 quae
585 1836 647 1865 ne
673 1820 846 1866 inficias
874 1821 973 1864 eat!

187 1889 282 1936 Sed
302 1906 459 1937 eccam
483 1892 645 1939 heram
665 1891 822 1938 video.
851 1890 932 1936 sed
960 1888 1194 1949 quidhoc
1223 1898 1318 1944 est,
1338 1889 1452 1933 haec

437 1964 573 2024 quod
603 1964 774 2009 cistella
804 1963 879 2008 hic
897 1964 1021 2025 jacet

187 2033 315 2079 Cum
336 2034 601 2095 crepundiis
619 2035 641 2079 ?
673 2051 763 2082 nec
791 2049 1089 2095 quemquam
1116 2032 1451 2092 conspic01,ali=

434 2122 520 2152 um
549 2106 600 2151 in
627 2108 736 2153 via?

187 2179 496 2227 Faciundum,
515 2189 582 2224 est
608 2179 789 2240 puerile
822 2177 1065 2224 officium:
1100 2176 1465 2237 conquiniscam*

434 2251 496 2298 ad
522 2252 748 2298 cistulam.

443 2346 1174 2382 PHANOSTRATA.

187 2415 323 2487 Quid
350 2414 441 2478 agis
455 2448 471 2474 ‚
500 2413 758 2475 Lampadio
773 2414 800 2463 Ξ,

358 2495 370 2503 ”
1101 2485 1197 2530 Oo
1231 2500 1269 2543 3
