1650 2826
247 200 340 259 5OE
508 200 1262 261 CISTELLARIA
1416 214 1530 260 wa

246 303 410 353 Animi
438 306 606 353 habeo.
643 308 728 355 ubi
759 326 864 355 sum
883 345 895 367 ‚
925 310 991 357 ibi
1020 328 1121 358 non
1151 330 1280 360 sum:
1312 314 1399 361 ubi
1427 332 1530 362 non

501 396 606 425 sum
622 415 635 438 ,
663 380 729 426 ibi
757 392 823 426 est
848 384 1044 428 animus.

253 451 327 498 Ita
353 452 474 498 mihi
509 455 668 500 omnia
696 454 883 518 ingenia
903 468 1038 502 sunt:
1074 459 1210 519 quod
1231 460 1398 518 lubet,
1429 477 1532 508 non

508 527 644 572 lubet
667 528 767 591 jam
795 527 846 572 id
879 530 1125 575 continuo.

255 597 328 643 Ita
349 614 432 644 me
451 615 582 644 amor
603 600 772 646 lassum
795 600 941 646 animi
962 602 1174 649 Ludificat
1189 637 1203 660 ,
1225 604 1359 667 fugat
1376 639 1389 662 ,
1411 606 1503 669 agit
1518 638 1534 663 ‚

509 673 692 733 appetit
709 707 723 730 ‚

260 742 457 804 Raptat,
482 745 680 802 retinet,
705 747 844 792 lactat
860 781 874 804 ‚
891 748 1109 812 laxgitur:
1139 747 1276 809 quod
1301 748 1406 807 dat,
1435 766 1537 795 non

515 817 624 864 dat:
658 818 872 865 deludit:

262 889 416 936 Modo
442 890 579 951 quod
602 891 763 950 suasit,
784 892 1016 939 dissuadet
1029 892 1041 938 Ξ
1069 893 1206 954 quod
1229 894 1463 952 dissuasit,
1490 894 1540 940 id

521 974 739 1011 ostentat.

264 1036 527 1081 Maritumis
555 1037 768 1083 moribus
790 1054 983 1085 mecum
1008 1041 1246 1103 experitur
1264 1059 1274 1087 ε
1296 1041 1360 1086 ita
1377 1056 1542 1087 meum

518 1108 690 1172 frangit
715 1123 957 1157 amantem
1391 1114 1395 1118 ’

267 1182 530 1231 Animum:
565 1199 757 1244 neque,
790 1185 878 1229 nisi
911 1186 1024 1246 quia
1054 1187 1192 1232 miset
1222 1202 1324 1233 non
1353 1203 1410 1232 eo
1440 1203 1543 1248 pes-

522 1273 653 1314 sum,
682 1258 804 1303 mihi
832 1259 928 1303 ulla
957 1259 1086 1305 abest

269 1332 460 1380 Perdito
486 1332 727 1393 pernicies.
762 1332 826 1377 ita
853 1344 984 1393 pater
1007 1331 1138 1399 apud
1155 1331 1318 1378 villam
1343 1330 1549 1377 detinuit

522 1421 602 1450 me
625 1406 711 1450 hos
739 1404 835 1449 dies
863 1421 944 1449 sex

270 1478 388 1525 Ruri
416 1477 668 1524 continuos
689 1495 699 1520 :
725 1492 886 1536 neque
906 1475 1094 1522 licitum
1113 1475 1288 1522 interea
1307 1486 1374 1522 est
1393 1490 1548 1520 meam

525 1550 721 1595 amicam
752 1548 910 1594 visere.

272 1622 417 1670 Estne
440 1623 534 1669 hoc
555 1623 783 1670 miserum
809 1623 1105 1668 memoratu!

646 1724 1174 1760 MELAENIS.

275 1802 348 1849 Eo
379 1801 577 1849 facetu’s
593 1835 608 1860 ,
650 1801 764 1862 quia
802 1800 891 1846 tibi
925 1801 1012 1847 alia
1045 1812 1112 1848 est
1141 1817 1308 1863 sponsa
1342 1803 1552 1864 locuples

530 1875 729 1920 Lemnia
746 1874 767 1919 Ξ)

277 1947 477 1995 Habeas·
515 1963 677 2008 neque
709 1963 796 1992 nos
830 1945 1035 1993 factione
1068 1957 1198 1993 tanta
1214 1982 1228 2005 ‚
1263 1958 1441 2008 quanta
1472 1958 1553 2005 tu,

540 2036 727 2069 sumus;

282 2093 456 2154 Neque
473 2109 586 2155 opes
603 2102 786 2139 nostrae
803 2103 902 2138 tam
918 2103 1030 2138 sunt
1042 2091 1239 2150 validae,
1257 2109 1403 2154 quam
1421 2103 1550 2140 mae:

539 2175 867 2212 verumtamen

283 2238 432 2286 Haud
442 2250 609 2286 metuo
620 2273 633 2296 ‚
650 2255 712 2284 ne
722 2236 1055 2302 jusjuxandum
1073 2246 1288 2282 nostrum
1303 2232 1554 2295 quisquam

543 2310 744 2373 culpitet
762 2329 772 2355 t

284 2380 364 2430 Tu
383 2382 481 2448 jam
494 2416 508 2441 ,
539 2383 575 2427 si
606 2382 727 2443 quid
752 2382 841 2430 tibi
871 2381 1055 2430 dolebit
1069 2416 1083 2442 ,
1111 2381 1220 2429 scies
1233 2414 1247 2438 ,
1277 2395 1371 2441 qua
1398 2377 1557 2425 doleat

544 2465 700 2518 gratia.
