1650 2826
1362 214 1431 256 11·

237 328 690 396 ACTUS
780 327 1346 390 PRIMUS.

563 462 993 550 scEyvAJ.

377 601 1202 651 soSIA,MERcvRIU&

668 704 918 738 sosrm

147 757 302 926 Qu
315 835 336 869 1
363 838 443 867 me
466 823 580 868 alter
608 833 675 868 est
693 821 914 869 audacior
935 821 1115 868 homo?
1141 833 1225 869 aut
1243 822 1331 884 qui
1348 812 1431 870 'me

404 895 720 940 confidentior
736 928 752 952 ,

144 968 414 1029 Juventutis
436 985 588 1014 mores
611 969 698 1030 qui
719 969 859 1015 sciam
872 1003 886 1026 ‚
907 968 993 1030 qui
1015 969 1108 1015 hoc
1130 970 1281 1015 noctis
1306 971 1432 1016 solus

405 1042 648 1088 ambulem
663 1042 684 1086 ?

147 1114 285 1185 Quid
311 1115 476 1162 faciam
510 1131 674 1171 nunc,
706 1115 742 1159 si
774 1114 977 1161 Tresviri
1007 1131 1087 1160 me
1116 1115 1167 1161 in
1201 1132 1452 1170 carcerem*

406 1188 738 1252 conpegerint.
728 1188 750 1220 ἶ)

146 1259 268 1306 Inde
289 1277 381 1306 cras
400 1277 426 1306 e
437 1260 725 1322 promtuaria
739 1261 854 1306 cella
871 1259 1122 1322 depromar
1135 1260 1195 1306 ad
1208 1259 1425 1324 flagrum.

149 1331 251 1379 Nec
274 1349 477 1379 caussam
500 1334 635 1379 liceat
665 1333 818 1380 dicere
852 1334 999 1390 mihi,
1031 1350 1193 1394 neque
1227 1334 1278 1378 in
1313 1334 1430 1379 hero

407 1405 674 1468 quidquam
695 1408 840 1453 auxili
862 1408 969 1453 siet:

149 1475 250 1523 Nec
275 1479 528 1539 quisquam
561 1481 618 1525 sit
647 1481 767 1541 quin
801 1498 880 1527 me
911 1497 1076 1527 omnes
1105 1497 1198 1528 esse
1230 1480 1431 1544 dignum

412 1551 670 1611 deputent:
696 1554 760 1598 ita

153 1623 302 1691 Quasi
323 1624 550 1670 incudem
571 1643 649 1671 me
670 1627 895 1673 miserum
919 1628 1140 1674 homines
1158 1639 1268 1675 octo
1289 1628 1433 1676 validi

413 1697 609 1743 caedant
633 1717 642 1742 :
667 1698 732 1744 ita

151 1764 347 1832 Peregre
368 1769 621 1816 adveniens
647 1772 853 1833 hospitio
876 1772 1136 1835 publicitus
1159 1773 1367 1836 accipiar.

152 1839 283 1899 Haec
304 1841 403 1887 heri
423 1843 703 1889 imnodestia
725 1845 878 1908 coegit
893 1880 907 1902 ‚
930 1863 1009 1892 me
1032 1846 1119 1907 qui
1139 1846 1233 1893 hoc

153 1911 316 1957 Noctis
345 1931 371 1958 a
400 1926 543 1974 portu
564 1915 766 1979 ingratiis
790 1918 1022 1963 excitavit.

150 1984 330 2031 Nonne
351 1987 480 2032 idem
501 1989 594 2034 hoc
616 1990 711 2035 luci
732 2007 811 2035 me
833 1992 1021 2038 mittere
1041 1995 1203 2054 potuit
1219 1996 1243 2039 Ρ

158 2057 406 2118 Opulento
429 2060 614 2105 homini
635 2062 726 2107 hoc
748 2063 940 2108 servitus
974 2064 1091 2110 dura
1111 2077 1179 2110 est
1190 2084 1204 2115 ;

157 2129 268 2176 Hoc
288 2132 431 2195 magis
451 2133 587 2179 miser
609 2145 675 2180 est
697 2135 850 2182 divitis
871 2153 1024 2183 servos
1043 2157 1053 2182 z
1224 2182 1234 2189 x

155 2202 428 2264 Noctesque
463 2205 656 2267 diesque
674 2209 855 2256 assiduo
877 2210 979 2255 satis
1000 2223 1238 2273 superque
1260 2224 1327 2259 est
1341 2247 1358 2271 ‚

152 2279 275 2349 Quo
309 2278 432 2325 facto
454 2292 536 2327 aut
558 2281 685 2328 dicto
708 2283 837 2330 adest
869 2301 1012 2346 opus,
1036 2285 1224 2347 quietus
1246 2303 1308 2334 ne
1329 2288 1396 2334 sis.

157 2348 263 2410 Ipse
284 2349 505 2397 dominus
526 2352 654 2399 dives
677 2355 849 2415 operis,
874 2367 922 2401 et
943 2356 1112 2402 laboris
1136 2373 1322 2419 expers,

157 2421 522 2490 Quodcumque
539 2426 725 2472 homini
746 2428 914 2474 accidit
930 2427 1075 2476 libere
1090 2465 1103 2488 ,
1121 2446 1256 2491 posse
1276 2441 1427 2476 retur:

162 2493 386 2556 Aequom
398 2515 491 2546 esse
506 2511 669 2562 putat:
687 2517 790 2550 non
804 2514 993 2566 reputat
1008 2503 1176 2551 laboris
1191 2504 1311 2567 quid
1326 2504 1404 2550 sit:
