1650 2826
94 202 219 245 v.27
370 156 661 238 ACTUS
708 181 919 232 11.SC.
972 184 1089 230 ΙΙΙ.
1275 197 1365 246 575

99 292 256 353 Seque
292 308 396 338 eam
425 291 683 354 peperisse,
713 302 867 337 sancte
896 289 1139 353 adjurabat
1168 290 1301 335 mihi.

96 363 248 408 Istanc
277 378 429 422 quam
456 361 664 422 quaeris,
691 360 879 420 inquit,
912 376 999 424 ego
1032 359 1207 406 amicae
1234 377 1367 407 meae

97 434 224 480 Dedi
242 469 256 492 ‚
285 451 406 496 quae
436 434 655 480 educaret
682 450 784 479 eam
815 447 910 495 pro*
926 434 1069 479 filiola
1096 450 1187 479 sua.

96 507 159 553 Et
179 507 328 575 vivit,
347 506 519 567 inquit.
540 505 626 551 ubi
649 522 701 551 ea
727 506 826 551 est?
850 505 1051 566 inquam
1075 507 1367 568 extempulo.

304 576 1108 641 '1²¹nAnosTRATA.

95 670 283 719 Servate
309 667 388 719 ine
408 706 422 729 ,
451 671 574 729 Dei,
600 673 806 718 obsecro.

209 738 215 744 ’
478 764 520 796 Μ
554 765 584 797 E
621 766 652 798 L
688 766 722 798 A
758 766 789 798 E
825 767 859 799 N
895 765 918 797 1
953 764 991 798 s.

807 833 872 878 At
902 848 980 877 me
1007 830 1212 893 perditis.

365 925 1090 988 PHAJOSTRATA.
1228 921 1242 925 ”

95 998 231 1068 Quoi
249 999 384 1053 ,illam
415 1000 613 1046 dedisset
641 1000 893 1060 exquisisse
919 999 1146 1061 oportuit.

363 1097 1143 1131 LAM-PADISCUS.,

93 1165 345 1235 Quaesivi:
378 1177 424 1211 et
449 1166 568 1211 dixit
584 1201 598 1223 ‚
630 1167 862 1234 meretrici
891 1167 1159 1217 Melaenidi.

457 1264 522 1296 ·M
556 1264 586 1296 Ε
622 1264 651 1295 L
690 1265 723 1296 A
760 1265 789 1296 Ε
825 1265 856 1296 Ν
891 1265 913 1296 1
952 1265 990 1298 s.

94 1332 260 1377 Meum
289 1332 503 1378 elocutus
532 1342 599 1377 est
628 1347 832 1376 nomen:
862 1331 1047 1376 interii!

370 1425 1099 1459 LAMPADISCUS.

95 1495 188 1540 Ubi
215 1497 400 1540 elocuta
425 1506 520 1552 est,
547 1511 633 1559 ego
662 1494 894 1540 continuo
924 1510 1071 1546 anum
1098 1495 1364 1559 interrogo:

95 1566 192 1612 Ubi
220 1567 426 1627 habitat,
447 1569 647 1628 inquam
663 1601 677 1623 ,
708 1567 802 1612 duc
831 1583 883 1611 ac
909 1566 1176 1612 demonstra
1203 1569 1334 1614 mihi.

37 1652 42 1658 '
95 1638 272 1686 Avecta
299 1651 390 1698 est,
414 1640 600 1700 inquit,
626 1656 818 1703 peregre
843 1639 954 1684 hinc
975 1639 1254 1685 habitatum.

480 1741 524 1773 M
557 1742 587 1773 E
621 1741 652 1773 L
689 1743 724 1774 A
760 1743 790 1774 E
826 1742 858 1775 N
894 1741 915 1772 I
952 1740 989 1773 S.

1169 1794 1369 1854 Obsipat

96 1856 352 1918 Aquulam.

172 1950 174 1954 ·
385 1939 1101 1975 LAMPADISCUS.

339 2010 455 2078 Quo
473 2023 630 2056 avecta
651 2022 716 2056 est
729 2046 742 2067 ‚
763 2029 820 2057 eo
839 2029 1104 2072 sequemur.
1137 2014 1304 2059 siccine

97 2080 206 2145 Agis
228 2096 371 2145 nugas
385 2082 406 2125 Ρ
424 2082 596 2142 periisti
612 2117 625 2139 ,
646 2099 707 2128 ne
727 2084 879 2128 hercle
899 2085 990 2129 hoc
1008 2085 1161 2146 longe.
1186 2086 1365 2145 perstiti

98 2155 273 2200 Instar'e
289 2189 302 2211 ,
326 2171 478 2214 usque
505 2155 624 2200 adeo
640 2190 654 2212 ,
680 2155 833 2202 donec
860 2173 907 2202 se
931 2156 1113 2221 adjurat
1137 2173 1252 2203 anus

92 2227 200 2285 jam
228 2227 347 2272 mihi
371 2238 639 2273 monstrare.

373 2325 1100 2361 PHANOSTRATA.

672 2389 736 2436 At
763 2407 864 2437 non
894 2392 1074 2438 missam
1110 2394 1333 2454 oportuit.
