1650 2826
125 236 254 286 ιώ
524 229 567 277 Α
598 227 637 275 C
671 219 718 273 T
751 224 794 271 U
831 217 862 270 S
923 220 961 268 1.
1296 225 1403 282 '291‘

129 341 212 388 Tu
232 334 503 402 prohibebis
517 364 533 392 ,
554 343 603 379 et
628 329 795 377 eadem
823 345 966 391 opera
992 338 1080 374 tuo
1112 323 1258 373 sodali
1289 341 1406 388 ope-

390 422 488 452 ram
509 403 658 450 dabis.
1332 455 1337 463 Ι

137 486 199 533 Et
227 485 305 530 ille
336 480 589 528 adveniens
617 487 751 522 tuam
776 473 891 520 med
920 489 1013 520 esse
1036 471 1236 519 amicam
1259 470 1408 532 suspi-

159 614 163 617 ,
388 551 582 599 cabitur.
995 562 997 565 ’

141 615 277 699 qaid
296 660 311 685 ‚
333 624 533 680 amabo,
564 618 803 668 obtin-nisti
821 617 843 662 ?

430 709 1123 752 PISTOCLERUS.

478 784 607 854 Quia
630 782 788 844 lepida
818 793 927 827 sunt
956 781 1092 826 istaec
1116 792 1412 827 memoratu:

145 861 322 910 Eadem
348 862 398 906 in
422 875 510 904 usu
525 892 538 914 ‚
564 867 711 916 atque
731 855 815 902 ubi
834 856 1100 917 periculum
1126 853 1259 900 facias
1274 889 1289 912 ,
1308 871 1419 901 acu-

397 933 517 977 leata
541 940 679 984 sunt,
1074 927 1078 933 '

151 1004 383 1052 Animum
412 994 665 1056 fodicant‚'
683 997 813 1043 bona
852 995 1156 1044 destimulant
1175 1031 1190 1055 ,
1217 995 1336 1043 facta
1373 1007 1423 1045 et

401 1074 575 1120 famam
612 1069 830 1117 sauciant.

566 1165 595 1197 Β
631 1164 665 1197 A
703 1164 730 1195 c
765 1163 792 1195 c
828 1162 862 1195 n
896 1163 918 1195 1
953 1160 991 1195 s.

161 1237 223 1283 Et
251 1234 372 1297 quid
397 1234 457 1280 ab
487 1234 574 1278 hac
598 1231 768 1277 metuis
786 1231 809 1275 't’

449 1319 1139 1356 PISTocLERUs.

506 1393 642 1464 Quid
675 1410 762 1459 ego
788 1403 1026 1449 metuam,
1048 1393 1251 1456 rogitas?
1282 1395 1432 1441 homo

864 1466 1242 1511 adulescentulus

167 1541 412 1591 Penetra1e
436 1538 712 1603 hujusmodi
733 1539 784 1584 in
806 1539 1076 1600 palaestram
1093 1572 1108 1595 ‚
1144 1538 1231 1584 ubi
1257 1538 1439 1585 damnis

422 1613 736 1659 desudascitur
752 1646 767 1669 ,

174 1688 271 1735 Ubi
288 1703 376 1749 pro
401 1686 527 1732 disco
557 1677 786 1731 damnum
812 1685 992 1747 capiam
1008 1718 1023 1743 ,
1040 1701 1129 1747 pro
1151 1700 1338 1731 cursura
1360 1684 1443 1731 de⁴

428 1758 603 1804 decus?

582 1842 610 1874 Β
646 1840 681 1873 A
715 1841 742 1872 G
777 1842 804 1874 c.
839 1842 874 1875 Η
909 1843 930 1874 1
970 1841 1009 1876 s.

181 1904 361 1967 Lepide
392 1919 635 1950 memoras.

471 1987 1156 2023 PISTocLERUs.

408 2055 502 2111 Ubi
521 2071 607 2118 ego
626 2055 803 2115 capiam
820 2071 907 2115 pro
930 2057 1169 2101 machaera
1186 2065 1419 2100 tuxturem
1435 2086 1453 2112 ‚

187 2127 380 2188 Ubique
410 2127 610 2188 inponat
631 2127 904 2172 in-manum
932 2128 1046 2173 alius
1072 2127 1190 2172 mihi
1210 2143 1298 2188 pro
1325 2137 1455 2179 cestu

442 2202 719 2248 cantharum
738 2220 748 2245 t

192 2276 283 2322 Pro
311 2277 438 2340 galea
469 2276 737 2337 scaphium,
769 2292 855 2336 pro
881 2275 1049 2340 insigni
1074 2275 1132 2322 sit
1155 2276 1331 2322 corolla
1353 2276 1456 2337 ple-

444 2347 559 2392 ctilis
573 2382 587 2404 ‚

189 2418 286 2464 Pro
311 2420 437 2466 hasta
458 2421 600 2465 talus:
624 2436 712 2482 pro
739 2419 882 2467 lorica
907 2421 1140 2468 malacum
1162 2421 1343 2482 capiam
1363 2420 1462 2482 pal-

444 2493 565 2539 lium
584 2512 594 2540 :

1116 2559 1221 2608 ,Ta
