1650 2826
3 2493 21 2500 s,
0 2201 24 2479 2²...;2³2·2÷325v·5‡·³·
0 2158 10 2190 02«
0 2113 2 2116 <

439 192 1130 244 'EDI‘TIONES‘
1330 199 1452 237 xxv&

370 305 635 373 explicatus,
654 314 696 348 et
721 318 834 348 nunc
854 303 1040 365 primum
1063 301 1107 344 in
1137 299 1271 343 lucem
1299 298 1447 343 editus.

318 425 323 428 ¹
357 370 550 436 λΑιῇεειίι
568 380 670 414 sunt
687 367 896 412 Plautina
911 366 1003 410 loca
1022 380 1075 409 ex
1100 365 1287 424 antiquis
1299 380 1452 423 gram-

369 435 540 481 maticis
564 433 763 478 collecta.-
791 442 834 476 et
857 447 910 475 ex
935 430 1233 474 commentario
1253 429 1462 488 antiqua*

359 516 470 546 rum*
493 499 719 543 lectionum
738 495 861 553 Justi
890 493 1034 554 Lipsii
1049 493 1280 538 multorum
1299 491 1452 536 Plauti

370 565 556 610 Iocorum
583 562 890 607 illustrationes
910 571 951 604 et
968 557 1287 603 emendationes.
1316 556 1454 600 Lute-

372 631 481 676 tiae,
501 627 616 691 apud
628 625 842 686 Joannem
858 624 1097 668 Macaeum.
1128 622 1186 666 In
1209 621 1327 666 fine:
1355 620 1454 665 Ex-

371 692 550 739 cudebat
569 691 644 751 Jo.
664 691 700 735 Ie
718 690 860 734 Blanc
872 689 1039 751 junior,
1063 688 1259 751 impensis
1269 684 1343 745 Jo.
1356 685 1454 729 Ma·-

373 759 465 804 caei
501 755 633 813 1576.
653 781 723 812 --⁴
752 753 1008 799 Lambinus
1039 753 1160 797 hanc
1189 750 1467 796 editionem.

371 837 473 874 non
499 820 558 865 ad
574 820 718 865 finem
736 817 961 879 perduxit
975 851 989 873 ‚
1018 815 1150 876 operi
1168 815 1455 860 immortuus

373 887 435 932 ad
470 884 782 931 Comoediam
812 882 1046 928 decimam
1076 879 1287 925 tertiam:
1322 879 1458 923 unde

362 944 472 1015 ¹⁸ejus
491 951 663 1012 collega
680 983 694 1005 ‚
714 948 808 1006 Jac.
834 947 1019 994 Helias,
1051 944 1283 990 Professor
1311 943 1456 989 Grae-

372 1032 453 1061 cae
472 1015 659 1078 linguae
675 1013 824 1076 regius
835 1046 848 1068 ,
869 1026 974 1057 eam
991 1027 1051 1056 ex
1067 1009 1358 1072 autographo
1375 1008 1457 1053 de·-

374 1079 527 1126 functi
549 1079 772 1134 absolvit,
802 1076 884 1136 qui
914 1086 960 1121 et
988 1093 1070 1121 sua
1090 1075 1237 1119 multa
1264 1074 1324 1118 ad
1352 1089 1457 1117 eam

376 1143 637 1190 ornandam
651 1142 870 1188 contulit.
887 1140 1139 1200 Utriusque
1154 1155 1296 1199 opera
1314 1153 1458 1198 quan-

376 1220 484 1255 tum
506 1208 732 1269 placuerit
756 1205 969 1261 eruditis,
999 1220 1059 1249 ex
1081 1204 1251 1250 crebris
1269 1203 1367 1265 ejus
1386 1219 1459 1248 re-

339 1310 342 1314 .
377 1268 687 1335 petitionibus
721 1271 937 1334 colligere
964 1271 1084 1315 licet.
1114 1268 1169 1313 cf.
1187 1267 1247 1313 de
1277 1268 1400 1312 Bure
1427 1268 1473 1312 l.⁴

379 1354 419 1384 c.
437 1353 485 1383 n.
509 1338 646 1396 2569.
988 1376 991 1383 Α

192 1413 309 1461 1577
332 1410 380 1447 et
397 1404 515 1461 1578
544 1402 768 1463 Lugduni,
801 1401 879 1447 fol.
909 1401 970 1445 M.
999 1400 1156 1444 Accius
1181 1398 1368 1443 Plautus
1406 1415 1459 1442 ex

375 1469 465 1531 fide
495 1479 618 1529 atque
642 1469 900 1511 auctoritate
923 1464 1198 1528 complurium
1225 1463 1463 1506 manuscri-

299 1568 307 1577 ,
375 1544 551 1595 ptorum
587 1547 711 1592 opera
751 1530 945 1591 Dionys.
981 1527 1201 1573 Lambini
1235 1526 1465 1572 MonstroL

383 1595 652 1639 emendatus:
680 1594 731 1638 ab
759 1593 972 1655 eodemque
995 1593 1307 1636 commentariis
1330 1591 1465 1654 expli⁴

385 1671 519 1705 catus.
550 1657 694 1718 (Cett.
712 1660 775 1703 ut‘
793 1658 843 1707 in
858 1658 1001 1703 titulo
1020 1656 1093 1701 ed.
1116 1655 1473 1716 praecedentis).

382 1723 515 1769 Nunc
533 1723 666 1768 denuo
674 1722 899 1786 plurimis,
914 1739 1020 1784 quae
1047 1723 1090 1766 in
1107 1722 1295 1785 priorem
1312 1720 1463 1764 editio-

382 1805 479 1834 nem
494 1789 782 1850 irrepserant,
801 1787 962 1831 mendis
984 1797 1270 1849 expurgatus,
1296 1785 1464 1829 multis-

380 1869 462 1916 que
477 1854 521 1896 in
542 1852 643 1896 locis
659 1853 904 1912 ingratiam
921 1852 1259 1912 antiquariorum
1277 1850 1465 1893 illustra-

384 1929 466 1961 tus.
492 1915 720 1976 Lugduni,
755 1918 947 1978 expensis
979 1915 1180 1959 Guilelmi
1203 1914 1462 1959 Hertmann.

381 1979 493 2027 Vid.
511 1980 774 2024 Harlesium
795 1981 823 2024 l.
839 1981 867 2024 l.
884 1994 988 2042 pag.
1018 1993 1040 2024 Q
1052 1993 1127 2033 lo,
1146 1979 1230 2037 qui
1248 1979 1366 2022 hanc
1384 1994 1465 2037 pa-

386 2061 493 2090 1um
512 2043 694 2088 differre
715 2044 774 2088 ab
802 2043 1009 2088 editione
1035 2043 1176 2102 priori
1201 2042 1466 2102 profitetur.

200 2107 323 2166 1578
394 2108 610 2155 Coloniae,
630 2107 708 2152 fol.
738 2108 924 2153 Plautus
954 2124 1007 2151 ex
1027 2106 1311 2151 emendatione
1331 2102 1467 2151 Dion.

388 2172 621 2218 Lambini.
669 2172 767 2216 Acc.
813 2173 903 2216 loca
940 2171 1150 2215 Plautina
1188 2188 1241 2216 ex
1280 2173 1467 2233 antiquis

394 2237 580 2282 Gramm.
599 2236 759 2281 delecta
777 2249 819 2280 et
836 2236 1142 2287 emendationes
1158 2236 1340 2280 locorum
1356 2236 1464 2280 mul-

396 2314 532 2346 torum
547 2300 726 2347 Plauti,
756 2317 809 2345 ex
825 2301 1017 2361 antiquis
1040 2300 1152 2344 lectt.
1164 2299 1215 2359 J
1232 2300 1379 2363 Lipsii.
1399 2325 1467 2332 ---

321 2403 325 2406 .
391 2363 467 2411 Sic
483 2365 617 2410 estin
635 2364 777 2409 Catal.
794 2364 912 2409 Bibl.
928 2363 1268 2413 Schwarzianae
1282 2363 1467 2408 Altorfii

326 2468 352 2488 ,ν
375 2442 514 2489 ,1753
535 2428 801 2476 divenditae
817 2429 864 2474 P.
888 2429 936 2485 1,
957 2445 1005 2489 p.
1030 2443 1196 2489 103,n.
1222 2442 1351 2486 1724.
1373 2427 1467 2474 Sed
