1650 2826
315 185 404 231 174
675 138 1212 214 ASINARIA.
1463 169 1582 220 νὼ

647 286 1229 322 PHILENIUM.

307 368 348 415 Α
353 386 426 434 ge,
441 368 508 414 mi
522 367 751 423 Leonida,
765 367 957 413 obsecro
974 365 1040 411 fer
1053 365 1229 411 amanti
1242 365 1355 412 heio
1370 367 1580 412 salutem.

302 442 505 490 Redime
538 443 652 487 istoc
687 440 919 486 beneficio
949 451 997 484 te
1032 440 1091 485 ab
1127 440 1248 497 hoc,
1278 450 1325 485 et
1357 440 1446 486 tibi
1477 457 1582 486 eme

560 515 689 561 hunc
712 513 799 559 isto
823 523 1030 576 argento.

722 625 751 657 L
786 623 816 655 E
854 624 884 656 o
920 623 953 655 N
989 623 1007 654 1
1046 624 1082 656 D
1118 623 1166 656 A.

303 702 454 749 Nimis
491 703 618 748 bella
659 717 703 747 es
734 711 882 760 atque
911 699 1148 746 amabilis:
1190 711 1237 747 et
1271 702 1306 747 si
1342 703 1434 748 hoc
1469 714 1582 749 esset

555 790 754 830 meum,
791 771 934 818 hodie

299 856 582 916 Numquam
601 870 679 900 me
698 869 845 900 orares
863 852 981 913 quin
1007 851 1192 898 dasem:
1219 852 1358 899 illum
1377 865 1424 900 te
1451 872 1579 901 orare

563 926 711 971 meliu
732 926 784 970 ’st
801 944 810 969 z

299 1007 401 1052 Illic
416 1007 537 1053 hanc
556 1006 674 1051 mihi
691 1003 965 1051 servandam
982 1002 1127 1050 dedit.
1145 1005 1161 1049 i
1179 1021 1287 1058 sane
1303 1006 1424 1052 bella
1440 1008 1576 1054 belle.

300 1078 427 1140 Cape
457 1079 550 1124 hoc
575 1078 628 1123 sis
645 1113 658 1135 ‚
683 1077 877 1123 Libane.

606 1154 1261 1215 ARGYRIPPUS.

818 1267 1046 1333 Furcifess
1076 1271 1217 1319 etiam
1235 1291 1314 1321 me
1337 1276 1577 1325 delusisti?

703 1362 742 1405 ‚L
777 1362 807 1395 Ε
845 1363 876 1395 o
912 1365 943 1396 N
980 1365 1000 1396 1
1035 1366 1071 1397 1)
1106 1366 1155 1399 A.

294 1437 580 1499 Numquam
606 1438 761 1485 h'ercle
785 1438 1010 1498 facerem,
1029 1459 1183 1506 genua
1204 1442 1255 1490 ni
1278 1457 1374 1493 tam
1402 1452 1574 1512 nequi-

549 1523 618 1558 ter
649 1512 839 1558 fricares.
1403 1546 1410 1565 s

258 1622 270 1635 .
295 1592 450 1657 Agesis
467 1604 521 1639 tu
541 1594 590 1638 in
605 1604 786 1653 partem
804 1610 933 1640 nunc
945 1596 1042 1658 jam
1059 1596 1189 1660 hunc
1213 1597 1387 1648 delude
1399 1637 1412 1660 ,
1428 1596 1572 1665 atque

547 1668 812 1728 amplexare
836 1668 969 1714 hanc.

712 1770 1150 1807 LIBANUS.

292 1847 463 1893 Taceas
478 1882 490 1905 ,
509 1864 588 1893 me
611 1858 799 1908 spectes.

634 1949 669 1981 A
707 1951 739 1983 R
777 1950 808 1983 G
846 1950 878 1982 Y
916 1952 947 1984 R
983 1951 1004 1984 1
1040 1953 1067 1984 P
1104 1954 1132 1986 P
1168 1956 1203 1988 U
1242 1956 1278 1990 s
1628 1939 1644 2030 Ξ

519 2024 655 2094 Quin
675 2025 908 2083 adhunc,
928 2027 1221 2088 Philenium‚
1246 2034 1566 2097 aggredimur,
1624 2027 1641 2104 ᾗ

291 2101 460 2149 Virum
491 2103 691 2163 quidem
718 2106 802 2165 pol
843 2118 1131 2168 optumum,
1158 2121 1204 2156 et
1235 2127 1337 2158 non
1366 2114 1566 2162 similem

542 2175 653 2222 furis
684 2178 836 2242 hujus.

706 2277 735 2310 L
774 2280 793 2311 I
831 2280 857 2312 B
895 2281 928 2313 A
963 2283 996 2315 N
1033 2283 1067 2316 U
1104 2282 1141 2317 S-

289 2347 732 2466 Inambulandssim’
735 2365 804 2399 st:
842 2371 973 2403 nunc
1006 2355 1124 2403 mihi
1155 2354 1357 2407 vicissim
1385 2366 1565 2426 suppli-
1615 2366 1626 2413 Ξ

545 2437 596 2466 ca
636 2435 735 2468 unt.
