1650 2826
251 156 350 217 336
577 157 1207 212 BACCHIDES.
1437 184 1535 218 ‘mx

542 281 1239 323 PISTOCLERUS.

495 350 655 400 Tuam
679 355 866 417 copiam
889 373 1046 404 eccam
1070 358 1351 423 Chrysalum
1371 359 1530 409 video-

587 482 987 535 SCENA
1073 489 1184 535 IV.

293 600 801 654 CHRYSA‘LUS,
856 605 1494 650 MNESILOCHUS.

607 676 1170 716 PISTOGLERUS.

557 759 1224 818 CHRYSKALUSV.

250 835 497 950 HUNC
535 899 784 946 hominem
816 898 952 946 decet
989 900 1104 947 auro
1138 902 1375 963 expendi:
1412 905 1527 953 huic

511 972 647 1019 decet
669 983 870 1018 statuam
897 973 1037 1018 statui
1066 990 1126 1019 ex
1150 991 1279 1022 auro.

245 1045 371 1094 Nam
399 1045 581 1106 duplex
611 1044 754 1090 hodie
776 1043 957 1090 facinus
983 1044 1100 1104 feci,
1126 1047 1395 1111 duplicibus
1419 1070 1531 1115 spo-2

501 1117 574 1162 liis
596 1132 701 1162 sum
721 1115 924 1162 affectus.

246 1192 433 1238 Herum
463 1189 691 1252 majorem
713 1203 879 1232 meum
910 1198 964 1233 ut
999 1204 1086 1252 ego
1117 1188 1262 1236 hodie
1289 1193 1380 1241 lusi
1406 1195 1526 1256 lepi-

500 1263 560 1308 de
585 1263 595 1307 Ξ
625 1273 680 1307 ut
703 1261 971 1306 ludificatus
992 1272 1059 1307 est
1078 1262 1087 1306 Ξ

247 1339 487 1387 Callidum
505 1354 665 1383 senem
685 1335 860 1382 callidis
880 1335 998 1381 dolis
1018 1336 1244 1398 conpuli‚
1258 1349 1305 1385 et
1319 1343 1525 1404 perpuli¹

497 1410 616 1456 mihi
645 1410 805 1455 omnia
833 1420 887 1455 ut
921 1410 1144 1456 crederet.

244 1486 388 1533 Nunc
417 1484 595 1531 amanti
615 1484 728 1529 hero
743 1518 757 1540 ‚
775 1483 873 1528 filio
890 1484 1033 1540 seniS,
1052 1483 1251 1545 quicum
1269 1501 1355 1551 ego
1376 1487 1492 1535 bibo
1507 1524 1524 1549 ‚

507 1558 705 1619 quicum
729 1557 820 1603 edo
835 1591 847 1614 ,
869 1568 916 1602 et
936 1573 1045 1602 amo
1059 1591 1074 1613 ,
1117 1576 1121 1579 ·

241 1633 405 1699 Regias
436 1632 592 1694 copias
613 1647 869 1691 aureasque
900 1629 1087 1687 obtuli,
1112 1641 1167 1676 ut
1191 1631 1339 1679 domo
1366 1650 1525 1682 sume-

495 1716 566 1750 ret
585 1739 598 1761 ‚
623 1721 719 1749 neu
747 1703 856 1748 foris
880 1715 1137 1763 quaereret.

240 1780 355 1827 Non
391 1780 513 1826 mihi
547 1780 620 1824 isti
658 1780 847 1840 placent
887 1778 1234 1838 Parmenones,
1265 1779 1398 1845 Syri,
1437 1782 1523 1844 qui

496 1851 609 1897 duas
641 1862 723 1896 aut
754 1862 843 1896 tres
875 1851 1022 1896 minas

241 1924 480 1972 Auferunt
511 1925 644 1970 heriS.
682 1925 887 1984 nequius
920 1925 1038 1971 nihil
1069 1935 1166 1982 est,
1203 1941 1350 1986 quam
1382 1941 1518 1990 egens

495 1997 657 2044 consili
686 2013 840 2042 servos
856 2031 869 2051 ‚
895 1996 982 2042 nisi
1007 1996 1150 2043 habet

240 2070 555 2132 Multipotens
587 2081 779 2130 pectu5‚
820 2067 1119 2129 ubicumque
1149 2085 1257 2115 usus
1285 2068 1396 2123 siet,
1424 2083 1507 2128 pe-

493 2156 622 2188 ctore
654 2153 902 2202 expromat
939 2159 1038 2188 suo.

238 2214 410 2261 Nullus
430 2216 550 2280 frugi
576 2233 668 2261 esse
693 2228 851 2277 potest
882 2216 1030 2262 homo
1046 2249 1060 2271 ‚
1083 2215 1171 2261 nisi
1202 2213 1285 2276 qui
1317 2223 1364 2259 et
1391 2213 1516 2261 bene

494 2302 539 2334 et
568 2291 688 2335 male
718 2289 865 2336 facere
891 2301 1036 2335 tenet.

238 2359 455 2422 Inprobis
496 2378 604 2406 cum
640 2364 868 2422 inprobus
902 2363 985 2414 sit,
1026 2362 1246 2424 harpaget
1276 2379 1288 2404 ι
1330 2351 1513 2408 furibus

489 2432 668 2479 furetur
686 2468 699 2492 ,
727 2434 863 2496 quod
889 2445 1063 2495 queat:
