1650 2826
3 137 250 232 'aveas
365 142 672 228 AcTth
730 176 1146 224 1v.sc.1x
1308 177 1398 238 361

127 292 328 341 Vinctus
356 306 492 347 sum,
517 287 599 334 sed
629 285 748 332 dolis
773 303 853 332 me
882 287 1050 332 exemi.
1094 286 1210 332 item
1247 303 1293 332 se
1325 288 1404 333 ille

378 361 572 410 servavit
600 360 734 408 dolis.

130 439 220 485 Ilio
237 436 324 485 tria
338 435 476 483 fuisse
493 433 653 480 audivi
674 432 794 490 fata,
820 450 944 495 quae
961 433 1028 478 illi
1051 432 1208 479 forent
1228 434 1372 479 exitio
1393 453 1402 479 :

131 511 328 576 Signum
363 524 423 554 ex
459 523 561 552 arce
592 507 628 551 si
664 507 880 568 perisset:
924 507 1126 552 alterum
1162 506 1303 551 etiam
1340 518 1407 551 est

376 580 528 626 Troili
556 595 711 625 mors:

132 654 350 711 Tertium
367 670 479 700 cum
503 664 666 714 portae
686 650 852 696 Scaeae
875 650 1024 696 limen
1046 666 1272 711 superum
1291 649 1408 695 scin-

389 727 590 773 deretur.

129 799 256 847 Paria
282 800 399 846 item
424 798 519 845 *tria
550 797 612 842 eis
641 796 788 842 tribus
828 807 939 841 sunt
974 794 1067 841 fata
1104 805 1264 840 nostro
1294 795 1407 840 huic

381 872 502 918 Ilio:

10 987 17 996 ι
75 986 78 990 ⁴
133 953 258 1001 Nam
274 954 463 1002 dudum
485 953 641 1014 ptimo
654 986 668 1009 ‚
692 962 747 997 ut
763 950 971 996 dixeram
987 961 1149 995 nostro
1166 950 1265 995 seni
1279 966 1413 996 men·

388 1027 577 1073 dacium

135 1101 198 1148 Et
228 1101 292 1148 de
321 1101 506 1163 hospite
526 1135 541 1156 ,
577 1110 625 1146 et
658 1098 719 1144 de
748 1115 863 1145 auro
885 1132 898 1155 ‚
934 1109 981 1143 et
1014 1097 1075 1142 de
1110 1097 1307 1146 lembo3
1346 1098 1434 1143 ibi'

394 1175 581 1236 signum
605 1189 666 1218 ex
687 1189 787 1219 arce
807 1174 908 1235 jam
931 1172 1116 1219 abstuli.

135 1253 245 1313 Jam
267 1252 366 1299 duo
387 1252 624 1298 „restabant
647 1250 740 1296 fata
766 1262 898 1308 tum,
922 1267 1011 1296 nec
1033 1251 1177 1314 magis
1199 1252 1251 1298 id
1277 1269 1417 1314 cepe-

398 1339 496 1371 ram
527 1321 777 1382 oppidum.

144 1398 255 1444 Post
272 1396 363 1449 ubi
377 1396 567 1442 tabellas
581 1395 643 1440 ad
658 1411 819 1440 senem
839 1392 1016 1450 detuli,
1031 1393 1098 1439 ibi
1118 1394 1270 1440 occidi
1281 1396 1417 1442 Troi-

395 1469 514 1514 lum.

149 1539 321 1608 Quom
344 1539 526 1585 censuit
543 1539 893 1585 Mnesilochum
913 1555 1025 1586 cum
1046 1556 1195 1585 uxore
1219 1557 1312 1586 esse
1332 1539 1420 1587 d'u-
1441 1574 1446 1580 -

402 1611 520 1657 dum
546 1611 705 1656 militis
721 1645 735 1668 ‚

138 1684 223 1743 Jbi
246 1684 329 1730 vix
346 1701 425 1729 me
449 1683 637 1729 exsolvi.
671 1693 816 1743 atque
842 1681 891 1726 id
913 1683 1144 1743 periclum
1166 1683 1383 1729 assimulo
1403 1716 1419 1741 ‚

404 1753 615 1818 Ulyssem
646 1765 702 1800 ut
732 1755 1003 1816 praedicant

154 1839 414 1902 Cognitum
446 1838 505 1883 ab
533 1839 714 1884 Helena
732 1871 746 1894 ,
783 1854 875 1883 esse
908 1839 1155 1900 proditum
1183 1839 1422 1893 Hecubae.

410 1911 491 1956 sed
518 1922 574 1956 ut
600 1910 715 1956 olim
746 1911 824 1956 ille
853 1927 901 1956 se

154 1986 397 2033 Blanditiis
421 1985 596 2030 exemit
614 2019 628 2041 ‚
653 1996 699 2029 et
726 1985 978 2045 persuasit,
1010 2002 1056 2031 se
1082 1998 1139 2031 ut
1168 1986 1422 2031 amitteret:

159 2061 283 2106 Item
311 2075 398 2123 ego
426 2058 544 2104 dolis
565 2074 644 2103 me
664 2057 746 2103 illo
779 2059 941 2119 expuli
962 2058 1201 2119 pericu10‚
1222 2069 1269 2103 et
1294 2058 1428 2104 dece-

409 2132 461 2194 pi
488 2147 660 2176 senem.

156 2204 321 2252 Postea
354 2222 466 2251 cum
499 2203 751 2286 magnifico
782 2204 965 2262 milite,
994 2205 1131 2251 urbes
1161 2204 1312 2252 verbis
1341 2205 1426 2265 qui

414 2278 620 2323 inermus
643 2278 793 2339 capit,

157 2355 393 2414 Conflixi,
417 2367 562 2416 atque
592 2356 843 2402 hominem
862 2356 1043 2419 repuli:
1078 2357 1188 2404 dein
1214 2374 1427 2422 pugnam
1452 2375 1459 2381 “

359 2465 381 2483 -,
410 2443 623 2474 conserui
645 2444 767 2474 sem:
