1650 2826
237 206 303 253 52
542 189 1205 240 AMPHITRUO.
1403 212 1519 247 van

554 308 1157 346 AMPHITRUO.

234 399 423 461 Edepol
453 413 532 444 me
566 398 704 443 uxori
729 409 1009 461 exoptatum
1033 400 1174 446 credo
1204 400 1523 450 adventurum

496 470 699 516 domum
714 505 727 528 ‚

233 548 375 619 Quae
403 562 483 591 me
514 555 670 601 amat,
697 560 845 606 quarn
881 557 1044 593 contra
1074 564 1216 594 amo:
1252 550 1524 612 praesertim

496 635 545 664 re
578 628 702 682 gesta
736 618 859 664 bene
876 654 890 676 ,

234 688 383 738 Victis
400 690 614 737 hostibus
627 724 640 747 ,
661 706 782 750 quos
798 706 946 735 nemo
958 707 1093 751 posse
1109 693 1314 755 superari
1325 704 1430 740 ratu
1443 694 1497 739 st
1511 714 1519 738 :

235 766 330 813 Eos
356 762 563 824 auspicio
588 772 702 806 meo
725 772 872 822 atque
897 761 1076 820 ductu,
1106 764 1262 826 primo
1285 776 1428 812 coetu
1452 765 1525 811 vi-

493 835 642 882 cimus
661 853 670 879 :
822 830 828 835 ’

236 913 377 959 Certe
396 910 525 957 enim
547 925 627 954 me
646 908 715 954 illi
736 918 1060 970 exspectatum
1082 920 1248 971 optato
1263 921 1523 958 venturum

484 983 594 1030 scio.

733 1065 756 1100 s
793 1067 826 1101 o
863 1067 886 1099 s
922 1067 941 1098 1
978 1066 1028 1099 A.

237 1151 411 1223 Quid?
438 1167 520 1199 rne
547 1164 648 1195 non
679 1165 779 1194 rere
807 1161 1130 1211 exspectatum
1155 1150 1330 1197 aulicae
1354 1160 1524 1197 ventu-

489 1240 600 1272 rum
625 1240 758 1269 meae
775 1223 798 1270 ἱ)

611 1327 646 1360 A
683 1329 713 1361 L
747 1328 774 1360 C
812 1326 847 1360 U
883 1327 926 1360 M
959 1327 988 1361 E
1026 1328 1059 1364 N
1099 1327 1150 1362 A.

242 1397 379 1447 Meus
395 1400 467 1448 vir
482 1400 560 1448 hic
579 1400 809 1463 quidem’
813 1411 866 1446 st.

585 1508 623 1542 A
657 1507 701 1540 M
738 1508 765 1540 P
803 1507 837 1539 H
873 1505 893 1537 I
930 1504 960 1537 T
996 1505 1030 1538 R
1065 1503 1101 1536 U
1136 1504 1184 1539 O·

660 1581 868 1642 Sequere
885 1578 972 1626 hac
989 1590 1044 1625 tu
1061 1595 1154 1625 me.

618 1686 1154 1721 ALCUMENA.

871 1759 995 1803 Nam
1013 1758 1133 1818 quid
1150 1758 1228 1802 ille
1245 1757 1497 1803 revortitur
1509 1790 1524 1814 ‚

240 1828 343 1899 Qui
366 1827 554 1876 dudum
576 1847 825 1892 properare
847 1846 940 1875 sese
963 1829 1119 1875 aibat?
1141 1846 1201 1874 an
1217 1830 1297 1875 ille
1317 1845 1397 1874 me
1420 1839 1524 1874 ten-

499 1913 568 1948 tat
597 1903 776 1948 sciens?

241 1973 404 2036 Atque
426 1976 477 2022 id
498 1976 534 2022 si
555 1979 659 2024 volt
692 1976 920 2039 experiri,
944 1992 1085 2022 suum
1117 1974 1302 2021 abitum
1323 1984 1380 2020 ut
1405 1973 1524 2019 desi-

495 2049 657 2096 derem
669 2085 682 2108 ‚

230 2121 429 2168 Ecastor
449 2123 565 2169 med
581 2123 712 2170 haud
728 2123 875 2170 invita
890 2139 937 2168 se
956 2122 1160 2169 domurn
1176 2121 1343 2184 recipit
1356 2137 1502 2166 suam.

727 2237 749 2271 s
786 2238 818 2271 ο
856 2206 884 2271 ε’
914 2238 936 2271 1
971 2237 1019 2271 A.

239 2312 554 2378 Amphitruo,
567 2318 718 2364 redire
735 2318 793 2364 ad
811 2335 983 2365 navem
999 2318 1210 2365 meliu’st
1225 2332 1324 2364 nos.

580 2418 616 2453 A
650 2419 694 2455 M
729 2420 760 2455 Ρ
794 2420 830 2455 H
864 2406 953 2478 1⁸1·
986 2419 1021 2455 R
1057 2418 1094 2454 u
1127 2419 1175 2453 ο.

1213 2489 1325 2558 Qua
1346 2490 1521 2554 gratia?
