1650 2826
220 208 452 246 xxxvm
533 196 613 243 ·M.
680 191 880 243 ACCI
937 193 1260 242 PLAUTI

227 308 285 353 16
290 323 351 365 50
417 303 748 353 Amstelodami,
776 305 846 351 16.
867 304 1004 364 Isaaci
1017 303 1225 353 Pontani,
1239 319 1338 366 rep.
1356 318 1417 351 ex
1430 301 1501 351 ed.

421 372 557 418 1620.

227 437 349 496 1652
418 435 704 500 Francofurti
743 445 790 480 et
836 434 1146 496 Wittebergae,
1187 448 1255 480 12.
1296 434 1357 480 Μ
1398 437 1506 483 Acci

416 501 569 547 Plauti
604 499 953 546 ComoedianX
968 501 1242 564 superstites,
1275 516 1328 545 ex
1356 517 1505 547 recen-

415 569 532 612 sione
545 565 666 630 Aug.
685 565 948 622 Buchneri,
971 582 1065 610 cum
1082 564 1230 610 Indice
1248 581 1397 611 vocum
1411 583 1505 613 ver-

422 632 645 695 horumque
696 642 916 685 veterum,
969 632 1188 692 minusque
1233 632 1505 676 usitatorum.

421 695 626 760 Francos.
649 708 691 741 et
715 695 882 740 Witteb.
899 695 1108 742 sumtibus
1127 694 1324 739 heredum
1339 694 1400 739 D.
1426 696 1507 740 To

418 762 512 807 biae
523 762 657 811 Mevii
674 772 716 806 et
730 759 880 806 Elerdi
894 759 1213 805 Schumaclzeri.
1235 759 1280 805 T
1266 777 1364 824 ypzs
1383 759 1506 825 Casp-

416 826 591 872 Rotelii.

225 921 388 936 --
423 891 602 936 Amstel.
635 890 706 935 16.
731 890 855 953 typis
879 888 1002 936 Lud.
1021 888 1250 936 Elzevirii.

231 958 353 1017 1658
422 955 622 1002 Lutetiae
657 955 947 1004 Parisiorum
988 955 1029 1000 8.
1064 954 1134 1000 IV
1166 954 1277 1000 voll.
1310 953 1372 1001 M.
1403 956 1511 1002 Acci

423 1020 579 1068 Plauti
598 1020 877 1066 Comoediae'
861 1037 904 1065 zn
923 1030 1105 1082 quatuor
1131 1018 1280 1064 Tomos
1304 1020 1506 1081 digestae.

421 1085 495 1134 Ex
530 1087 815 1147 recognitione
857 1084 1083 1130 Francisci
1123 1083 1287 1147 Gujeti
1322 1085 1512 1134 Andinz',

425 1167 554 1216 opera
581 1163 623 1196 et
648 1150 787 1195 studio
805 1138 1042 1195 Michaelis
1075 1148 1136 1194 de
1152 1149 1398 1206 Marolles,
1425 1150 1512 1194 Ab·

428 1218 541 1263 batis
564 1215 614 1262 de
637 1215 843 1261 Villeloin.
867 1213 973 1260 Cum
996 1214 1179 1280 ejusdem
1197 1215 1513 1278 interpretatio·-

422 1299 477 1329 ne
510 1280 695 1326 Gallica.
727 1280 925 1325 Lutetiae
957 1279 1251 1328 Parisiorum,
1289 1279 1405 1343 apud
1426 1278 1513 1324 Pe·-

430 1352 548 1393 trum
569 1347 584 1390 l
589 1346 734 1409 ’,Amy
752 1347 797 1390 in
823 1344 1008 1391 secunda
1023 1344 1219 1389 columna
1241 1346 1418 1410 majoris
1433 1361 1512 1390 au-

428 1413 498 1458 lae
508 1411 677 1456 Palatii
692 1410 927 1471 adinsigne
942 1409 1098 1470 Magni
1118 1408 1326 1454 Caesaris.
1336 1434 1377 1443 ·-
1393 1408 1516 1478 Quis

430 1492 535 1522 non
562 1475 699 1521 novit
721 1474 910 1538 Gujeti
900 1490 951 1519 m
975 1472 1362 1537 recognoscendis
1386 1474 1515 1520 Auc-

429 1540 616 1587 toribus
636 1538 990 1586 temeritatem?

241 1609 366 1670 1659
431 1604 716 1669 Francofurti
731 1615 778 1650 et
802 1603 1116 1665 Wittebergae,
1141 1603 1184 1650 8.
1202 1617 1263 1649 ex
1281 1603 1514 1651 1ecensio-
1511 1655 1514 1660 ,

432 1687 495 1717 ne
519 1670 639 1732 Aug.
657 1669 889 1716 Buchneri.

245 1737 361 1782 1561
432 1735 763 1782 Anzstelodami,
800 1748 871 1781 12.
904 1749 965 1779 ex
987 1748 1075 1778 rec.
1094 1731 1196 1777 Nic.
1213 1731 1400 1779 Heinsii.

244 1801 363 1848 1662
431 1799 638 1859 Lugduni
654 1798 760 1844 Bat.
790 1800 829 1844 8.
857 1798 1101 1843 Boxkornii
1123 1811 1237 1851 cum
1255 1798 1380 1844 notis
1396 1806 1515 1845 varr.

433 1862 643 1925 repetita.

304 2019 571 2068 AETAS
606 2021 652 2069 v
696 2022 1022 2081 1664--1788
1065 2021 1454 2105 GRszTERo-

601 2106 1193 2186 GRoN‘omANA.

244 2238 429 2287 Scilicet
451 2240 675 2299 J0.F1·1d.
703 2241 1030 2288 GRONOVIUS
1064 2239 1256 2286 Gruteri
1287 2249 1396 2301 post
1428 2237 1519 2284 Ca-

439 2306 689 2351 merarium
718 2317 763 2351 et
784 2306 995 2352 Dousam
1020 2305 1295 2350 emendatae
1320 2302 1515 2348 lectioni

436 2369 672 2426 insistens,
692 2370 761 2415 VI
779 2371 874 2416 aliis
893 2368 1022 2415 MSS.
1041 2370 1243 2425 collatis,
1259 2379 1366 2429 post
1389 2367 1512 2411 Box

437 2434 634 2482 hornium
660 2436 797 2484 aliam
818 2435 893 2484 ed.
920 2450 958 2482 c.
982 2450 1030 2481 n.
1055 2434 1182 2483 Varr.
1201 2431 1376 2489 edidit,
1410 2442 1515 2477 tex-
