1650 2826
46 153 52 156 ⁶
128 160 257 221 v.69
366 157 654 206 ACTUS
703 158 818 206 ῙῙῙ
868 159 975 208 SC.
1034 165 1164 212 III.
1348 186 1405 234 79

129 265 509 311 Gubernatorem
530 264 618 325 qui
637 264 689 311 in
718 281 825 312 mm
855 268 966 314 navi
1000 267 1093 316 fuit

127 336 474 400 Blepharonem
489 348 703 394 arcessat,
729 338 816 400 qui
842 340 1095 388 nobiscum
1121 345 1360 404 prandeat.

124 410 169 456 Is
195 411 314 458 adeo
338 411 580 472 inpransus
610 411 932 458 ludificabitur
959 414 1141 475 probe:

123 481 292 552 Quom
321 481 847 602 eggassarlrsslphitmonem
876 487 1002 535 collo
1031 489 1144 536 hinc
1174 490 1414 540 obstrictox

495 666 1031 704 ALCUMENA.

116 740 295 788 Mirum
314 743 436 804 quid
456 746 580 791 solus
602 763 764 793 secum
780 761 956 796 secreto
983 751 1062 799 ille
1080 757 1208 819 agat!

116 812 281 876 Atque
311 817 587 878 aperiuntur
614 820 763 867 aedes.
806 823 903 868 exit
933 823 1072 871 Sosia.

479 970 814 1020 SCENA
860 976 1022 1023 III.

145 1114 400 1156 SOSIA,
434 1117 879 1162 JUPPITER,
914 1125 1357 1166 ALCUMENA.

600 1213 623 1247 S
661 1214 694 1246 O
732 1214 755 1250 S
797 1216 820 1249 1
855 1217 904 1249 A.

112 1281 573 1404 ΑΜΡΗιΤιιυο,
600 1366 781 1395 assum:
806 1352 842 1396 si
875 1353 998 1412 quid
1028 1369 1148 1415 opus
1177 1366 1269 1413 est,
1297 1357 1388 1403 im-

365 1433 503 1478 pera:
530 1421 785 1482 imperium
814 1441 1052 1486 exsequar.

497 1532 521 1572 J
557 1533 591 1565 U
625 1535 654 1567 Ρ
691 1537 719 1569 P
753 1537 777 1572 Ι
810 1537 841 1570 Τ
876 1539 906 1571 Ε
941 1540 990 1572 R.

110 1608 329 1670 Optume
354 1611 555 1660 advenis.

589 1709 612 1742 S
647 1710 680 1744 Ο
716 1712 739 1746 S
775 1715 797 1748 1
830 1716 879 1749 A.

578 1783 686 1842 Jam
713 1804 808 1849 pax
836 1803 903 1837 est
932 1794 1055 1840 inter
1082 1813 1165 1843 vos
1194 1799 1347 1846 duos?

106 1845 232 1892 Nam
260 1849 371 1908 quia
397 1867 480 1897 vos
502 1859 782 1918 tranquillos
807 1863 948 1911 video
964 1902 977 1923 ,
997 1870 1207 1931 gaudeo,
1235 1885 1281 1918 et
1296 1892 1379 1920 vo-

354 1924 469 1986 lupe
493 1928 546 1974 ‘st
570 1931 701 1977 mihi.

104 1989 267 2052 Atque
282 1994 346 2041 ita
360 2013 544 2046 servom
559 2019 642 2062 par
659 2005 848 2053 videtur
863 2009 986 2074 frugi
1000 2029 1093 2058 sese
1111 2015 1373 2070 instituere3

101 2063 307 2112 Proinde
339 2069 438 2114 heri
469 2084 524 2117 ut
553 2074 646 2120 sint
663 2110 677 2132 ‚
713 2077 812 2138 ipse
849 2080 966 2126 item
1002 2083 1087 2128 sit:
1126 2087 1313 2135 voltum
1349 2107 1375 2135 e

353 2141 490 2186 voltu
515 2158 737 2207 eonparet
756 2167 767 2192 ε

99 2208 263 2258 Tristis
286 2212 370 2269 sit,
391 2214 427 2259 si
452 2215 553 2261 heri
582 2217 675 2264 sint
696 2219 842 2267 tn'stae
864 2239 873 2264 :
903 2223 1073 2271 hilarus
1094 2228 1151 2274 sit
1168 2264 1183 2286 ‚
1205 2232 1241 2276 si
1264 2250 1374 2296 gau-

353 2285 507 2333 deant.

102 2349 196 2402 Sed
218 2369 304 2422 age
319 2392 334 2415 ,
362 2361 626 2421 responde:
652 2365 755 2429 jam
782 2384 870 2415 vos
893 2369 1068 2419 tedistis
1096 2374 1145 2421 in
1174 2393 1371 2425 concor-

350 2431 510 2480 diam?
