1650 2826
219 246 308 294 492
662 226 1066 274 CASINA.
1219 238 1221 241 ·
1397 241 1496 276 «ιι

605 356 983 406 SCENA
1073 356 1118 403 V.

349 497 1372 540 OLYMP10,STALINO.

641 610 1097 646 OLYMPIO.

227 675 403 786 UNA
424 739 596 800 edepol
616 754 756 800 opera
774 738 824 782 in
842 736 1042 782 furnum
1061 734 1269 782 calidum
1286 734 1503 793 condito,

223 812 387 874 Atque
416 813 483 858 ibi
512 824 689 857 torreto
722 827 800 856 me
830 827 917 871 pro
946 825 1068 870 pane
1099 808 1271 854 rubido
1292 843 1306 866 ‚

227 887 354 932 Hera
368 921 382 944 ,
406 902 553 947 quam
582 885 714 929 istam
742 899 934 945 operam
952 899 978 927 a
997 898 1076 927 me
1098 882 1301 943 inpetres
1317 916 1331 940 ,
1388 880 1490 927 uod

483 959 704 1020 postulas.

650 1051 671 1083 S
711 1050 742 1083 T
777 1049 811 1082 A
847 1050 878 1083 L
913 1050 934 1083 Ι
970 1050 1004 1083 N
1042 1050 1091 1083 O.

232 1125 389 1171 Salvos
420 1139 552 1178 sum,
586 1122 708 1167 salva
736 1137 836 1182 spes
869 1131 962 1177 est,
984 1131 1041 1166 ut
1068 1120 1212 1167 verba
1238 1120 1395 1166 audio.

644 1217 676 1250 o
711 1218 742 1251 Ι,
779 1218 813 1250 Y
850 1217 892 1250 M
929 1218 955 1250 P
996 1217 1102 1250 1'0.

233 1290 370 1362 Quid
395 1301 451 1336 tu
484 1307 563 1336 me
595 1306 708 1336 vero
737 1289 954 1335 libertate
978 1287 1191 1334 territas?

235 1364 372 1434 Quid
402 1364 437 1408 si
464 1374 519 1409 tu
551 1363 699 1420 nolis,
720 1361 941 1423 filiusque
970 1361 1112 1407 etiam
1140 1371 1252 1406 tuus
1270 1395 1288 1419 ‚

233 1436 382 1483 Vobis
409 1436 565 1481 invitis
596 1447 741 1496 atque
774 1429 1028 1480 amborum
1059 1433 1263 1497 ingratiis

232 1509 338 1556 Una
368 1508 527 1553 libella
553 1508 672 1553 liber
700 1524 895 1569 possum
922 1506 1035 1553 fieri.

645 1601 667 1634 S
705 1601 736 1634 T
774 1602 807 1633 A
844 1601 874 1634 L
912 1600 932 1632 Ι
969 1600 1004 1632 N
1043 1599 1092 1632 O.

238 1672 375 1743 Quid
396 1672 515 1719 istuc
542 1672 639 1717 est?
675 1671 875 1732 quicum
904 1668 1052 1732 litigas
1069 1702 1083 1725 ,
1114 1666 1378 1730 Olympio?

657 1769 688 1801 o
726 1768 756 1801 1.
793 1768 827 1800 Y
867 1767 908 1799 M
944 1767 971 1799 P
1008 1766 1029 1798 Ι
1065 1766 1113 1799 ο.

238 1845 366 1891 Cum
395 1844 560 1891 eadem
577 1878 590 1902 ,
613 1860 709 1905 qua
734 1854 790 1888 tu
816 1857 1014 1902 semper.

665 1942 686 1975 S
723 1943 754 1975 T
794 1942 828 1975 A
863 1941 894 1974 L
930 1941 951 1974 Ι
986 1940 1019 1973 N
1054 1939 1102 1972 Ο.

998 2005 1131 2054 Cum'
1147 2020 1359 2052 uxorene
1378 2019 1482 2050 mea
1497 2002 1520 2047 Ρ

652 2101 1109 2136 OLYMPIO.

245 2173 407 2240 Quam
438 2181 493 2217 tu
521 2171 640 2216 mihi
664 2171 898 2218 uxorem?
941 2171 1073 2232 quasi
1099 2179 1294 2216 venator
1323 2179 1377 2214 tu
1411 2166 1519 2227 qui-

499 2243 611 2289 dem
638 2261 681 2289 es
696 2279 710 2301 ,

245 2318 356 2364 Dies
375 2329 520 2377 atque
540 2329 701 2364 noctes
720 2335 831 2364 cum
854 2334 967 2364 cane
991 2326 1191 2362 aetatem
1211 2313 1363 2376 exigis.

661 2411 681 2444 S
721 2412 751 2443 T
789 2411 822 2443 A
858 2412 887 2444 L
923 2412 943 2443 I
981 2411 1013 2443 N
1046 2410 1093 2441 O.

251 2479 389 2548 Quid
411 2480 540 2543 agit?
570 2480 689 2540 quid
713 2481 929 2541 loquitur
959 2477 1158 2525 tecum?
