1650 2826
3 2526 7 2533 ι
0 2453 9 2479 :n
0 1962 19 2443 =<-.‘r»‚z:,ss=s=÷Wq-uuwrxwvr
7 1939 13 1950 „-
0 1918 7 1927 υ
0 1897 9 1906 -“
0 1866 10 1887 «⁴
0 1836 2 1846 ⁴⁴
0 1823 1 1826 ⁴

31 2252 42 2264 N

151 155 273 198 ψη
446 135 734 186 ACTUs
776 134 833 183 v.
889 133 995 183 sc.
1040 126 1115 182 11.
1320 152 1410 197 377

480 261 514 293 Ν
550 260 572 292 1
606 259 634 291 c
669 258 701 292 o
735 251 765 290 B
801 255 837 288 U
871 257 901 290 L
938 256 972 290 U
1009 256 1049 290 s.

153 330 214 375 Et
230 362 243 386 ,
267 339 448 391 praeter
463 345 544 377 *eos
561 344 731 394 agnos,
749 344 883 375 meus
909 338 977 374 est
1003 327 1105 373 istic
1128 327 1420 374 clam-mor-

399 404 661 460 daxcanis:
977 458 992 473 .

153 484 254 554 Qui
269 484 355 530 nisi
372 483 509 530 nobis
535 483 868 545 producuntur
878 483 978 548 jam
991 516 1004 540 ,
1022 493 1168 543 atque
1185 482 1415 528 emittun-

395 567 473 603 tur
497 557 615 603 foras
631 591 646 614 ‚

148 636 322 686 Arietes
344 650 494 685 truces
521 657 607 687 nos
638 639 835 699 erimus,
858 639 958 700 jam
984 638 1035 682 in
1054 653 1138 683 vos
1163 637 1417 685 incu1sabi-

394 731 512 778 mus.

157 840 163 849 s
530 808 558 840 Β
595 806 628 840 Α
665 807 692 839 c
729 807 756 838 c
795 806 829 838 Η
864 807 884 838 1
922 807 944 840 s
1014 807 1051 840 Ι.

145 877 286 926 Soror
300 914 314 937 ‚
333 890 399 926 est
411 914 425 938 ‚
445 877 581 940 quod
598 889 645 923 te
665 878 777 923 volo
796 888 986 923 secreto.

527 978 556 1010 Β
591 978 625 1010 A
660 977 686 1009 c
723 977 750 1008 c
786 977 820 1008 H
856 977 877 1009 1
915 977 936 1010 s
990 977 1010 1009 1
1032 976 1067 1009 1.

728 1038 833 1093 Ehf)
847 1081 860 1104 ,
879 1047 1063 1093 amabo.

490 1142 1063 1178 NICORULUS.

809 1219 924 1287 Quo
943 1220 1046 1265 illae
1064 1220 1278 1266 abeunt?

527 1306 555 1338 Β
591 1306 626 1337 A
661 1307 693 1337 c·
724 1308 750 1339 c
786 1308 820 1340 H
854 1310 875 1342 1
912 1310 933 1342 s
1001 1312 1036 1343 Ι.

1080 1386 1254 1434 Senem
1275 1387 1413 1432 illum

149 1451 263 1497 Tibi
287 1450 412 1498 dedo
431 1453 727 1512 ulteriorem,
753 1457 910 1519 lepide
928 1470 982 1505 ut
1003 1461 1208 1507 lenitum
1225 1461 1411 1509 reddas:

396 1542 483 1589 ego
509 1527 569 1572 ad
595 1528 724 1575 hunc

146 1597 326 1644 Ixatum
348 1599 594 1662 aggrediar.
613 1618 861 1663 possumus
877 1620 963 1651 nos
976 1606 1061 1652 hos
1078 1607 1203 1654 intro
1223 1609 1410 1656 inlicere

396 1671 504 1717 huc.

519 1764 925 1803 BACCHIS
991 1770 1068 1805 11.

145 1896 351 1943 Pensum
374 1915 460 1962 ego
470 1899 634 1961 lepide
657 1904 884 1968 accurabo
899 1939 913 1962 ,
940 1837 1408 1968 quamquamhgffigj

400 1987 506 2017 sum
535 1972 588 2017 ’st
615 1986 820 2022 mortem
855 1980 1122 2039 amplexari.

547 2067 574 2098 B
610 2067 644 2099 A
679 2048 714 2102 cv
740 2070 767 2102 c
803 2071 837 2103 H
872 2072 892 2104 1
929 2073 950 2106 s
1019 2074 1055 2106 1.

144 2125 303 2176 Facito
327 2142 382 2178 ut
406 2143 564 2179 taceas.

500 2228 908 2267 BACCHIS
974 2235 1054 2270 11.

512 2299 591 2346 Tu
625 2311 765 2350 tuum
794 2303 960 2357 facit0;
993 2323 1078 2373 ego
1109 2312 1245 2372 quod
1278 2314 1403 2375 dixi,

906 2380 1033 2428 haud
1056 2386 1269 2433 mutabo.
