1650 2826
0 137 3 199 f
76 183 204 226 v.72
397 158 685 210 ACTUS
739 158 776 205 1.
828 156 935 204 SC.
1013 158 1052 204 I.
1261 174 1354 221 559

2 322 3 325 ,
80 272 345 324 Θυεωᾱειῐ
378 270 518 316 dulce
534 303 556 326 ,,
577 282 790 315 amum
822 264 885 310 ad
914 263 1173 310 satietatem
1203 280 1356 325 usque

333 343 524 408 oggerit.

409 428 971 472 -.'-.81LEN1UM.

84 508 163 556 Ad
186 508 322 554 istam
343 504 511 551 faciem
542 513 610 548 est
637 500 832 546 morbus
847 533 861 556 ‚
884 498 970 559 qui
993 513 1073 543 me
1088 529 1103 554 ‚
1130 513 1235 544 mea
1261 498 1362 560 Gy·-

339 578 573 626 mnasium
593 610 606 634 ,
630 584 845 621 macerat.

430 666 1035 705 GYMNASIUM.

89 742 346 790 Perfidiosu
362 741 417 786 ’st
444 754 590 785 amor.

470 828 494 865 s
531 830 551 863 1
589 829 619 862 1.
655 829 685 862 Ε
719 829 753 861 Ν
788 829 808 861 1
844 828 880 862 U
917 828 975 862 M.

594 900 717 963 Ergo
749 898 799 943 in
829 915 908 944 me
939 899 1217 959 peculatum
1243 897 1362 945 facit.

431 991 464 1026 G
499 991 534 1025 Y
563 991 606 1024 M
640 991 674 1023 N
709 990 743 1023 A
783 989 805 1024 S
842 989 863 1023 I
901 989 936 1022 U
972 990 1030 1024 M.

94 1061 231 1108 Bono
250 1059 409 1107 animo
434 1076 479 1104 es
494 1093 508 1115 ‚
523 1059 614 1106 ‚erit
639 1057 711 1102 isti
729 1056 900 1101 morbo
926 1055 1106 1102 melius.

482 1151 505 1185 s
540 1153 561 1184 1
597 1152 627 1183 L
662 1151 692 1183 Ε
727 1151 760 1182 Ν
795 1151 816 1182 1
853 1150 887 1182 U
923 1152 980 1184 M.

960 1216 1212 1266 Confidam
1245 1220 1373 1281 fore,

101 1296 151 1342 Si
175 1294 387 1342 medicus
409 1292 567 1340 veniat
582 1326 596 1349 ‚
618 1293 703 1352 qui
720 1292 833 1339 huic
858 1292 1030 1339 m01bo
1053 1292 1202 1339 facere
1222 1294 1375 1342 medi-

351 1366 506 1412 cinam
537 1375 707 1425 potest.

432 1459 465 1492 G
504 1458 538 1491 Y
574 1459 616 1491 M
652 1458 687 1490 N
722 1457 757 1490 A
793 1457 815 1491 S
852 1457 873 1489 I
910 1457 945 1489 U
981 1459 1038 1492 M.

103 1511 287 1560 Veniet.

495 1594 517 1628 S
555 1595 576 1628 I
613 1595 643 1627 L
678 1594 708 1627 E
744 1595 777 1626 N
812 1594 834 1626 Ι
871 1594 906 1627 U
944 1595 1000 1628 Μ.

162 1650 169 1706 s
199 1720 202 1723 Ι
261 1661 470 1725 Spissum
493 1662 620 1709 istud
644 1663 823 1709 amanti
846 1675 912 1709 est
930 1664 1159 1722 verbum,
1178 1664 1350 1711 Veniet
1365 1699 1380 1722 ,

212 1739 217 1743 ’
739 1736 741 1738 ’
988 1737 1076 1781 nisi
1105 1738 1249 1783 venit.

109 1809 205 1857 Sed
227 1825 315 1874 ego
337 1826 442 1855 mea
470 1796 610 1870 cillpa
634 1819 681 1855 et
706 1809 904 1856 stultitia
930 1811 1063 1874 pejus
1091 1811 1255 1856 misera
1279 1829 1380 1856 ma«
1437 1849 1441 1851 .

363 1897 522 1926 ceror:

110 1952 239 2020 Quia
269 1968 356 2015 ego
388 1953 526 1997 illum
558 1969 714 1999 unum
746 1954 864 1999 mihi
901 1955 1154 2015 exoptavi,
1185 1957 1383 2015 quicum

362 2035 562 2071 aetatem
594 2026 826 2090 degerem.

458 2119 489 2152 G
527 2120 559 2151 Y
598 2121 639 2152 M
678 2120 710 2152 N
750 2119 784 2152 A
822 2120 843 2152 s
880 2122 901 2153 1
937 2121 972 2152 U
1008 2122 1064 2153 M.

117 2187 360 2233 Matronae
383 2188 526 2250 magis
546 2187 847 2233 conducibile
876 2199 942 2234 est
970 2189 1114 2247 istuc,
1142 2205 1248 2236 mea
1272 2189 1389 2236 Sile-

368 2276 505 2304 mum
525 2295 538 2316 ,

120 2330 284 2397 Unum
317 2348 496 2388 amate,
528 2344 575 2377 et
602 2347 713 2377 cum
742 2349 799 2378 eo
830 2343 1029 2382 aetatem
1062 2335 1244 2400 exigere
1272 2335 1391 2397 quoi

372 2416 521 2465 nupta
538 2405 591 2450 ’st
614 2407 770 2451 semel.
