1650 2826
221 199 337 245 9602
529 181 1166 241 AULULARIA.
1277 211 1496 257 .v.32

223 307 288 353 Ut
317 317 374 351 tu
399 303 578 350 nescis?

570 392 1158 432 'LYCONIDES.'

367 475 466 520 Nisi
488 472 688 535 quidem
705 482 760 517 tu
778 472 924 529 mihi,
944 473 1064 533 quid
1086 489 1299 534 quaeras,
1319 471 1500 518 dixeris.

675 571 705 603 E
742 571 776 603 U
814 572 839 603 c
878 573 906 604 L
943 572 963 604 1
1004 574 1050 605 o.

223 649 398 697 Aulam
428 647 529 693 auti
543 681 556 703 ,
577 647 777 706 inquam
793 680 806 703 ,
826 657 873 692 te
899 662 1092 708 reposco
1108 680 1121 704 ,
1143 661 1290 707 quam
1313 656 1368 692 tu
1386 662 1502 692 con-

476 721 616 765 fessus
649 717 768 763 mihi
895 716 898 720 ’

221 802 295 850 Te
325 795 581 849 abstulisse.'

579 887 609 919 L
645 886 679 918 Y
715 886 742 917 C
780 885 812 917 O
851 885 885 917 N
922 885 943 917 I
981 885 1017 917 D
1050 884 1080 916 Ε
1117 883 1155 917 S.

424 963 598 1023 Neque
627 961 799 1023 edepol
825 976 911 1024 ego
940 959 1064 1018 dixi,
1086 976 1247 1021 neque
1270 960 1374 1006 feci.

675 1055 707 1087 Ε
745 1053 780 1086 U
815 1055 841 1086 c
877 1054 908 1087 L
943 1053 964 1086 1
1001 1054 1048 1087 o.

1257 1114 1261 1120 ‘
1318 1112 1503 1179 Negas?

580 1199 612 1231 1.
645 1199 681 1231 Y
716 1199 743 1231 c
779 1199 813 1231 o
846 1198 881 1230 N
915 1199 935 1230 1
971 1199 1007 1230 D
1039 1197 1070 1230 Ε
1109 1195 1147 1230 s.

225 1276 437 1339 Pernego
473 1275 638 1320 immo.
668 1291 781 1320 nam
811 1290 973 1334 neque
1003 1291 1091 1339 ego
1120 1290 1317 1332 aurum,
1342 1287 1520 1336 neque'

479 1347 617 1393 istaec
647 1348 752 1392 aula
783 1363 905 1407 quae
930 1346 1014 1393 siet
1033 1382 1047 1404 ,

225 1426 334 1473 Scio
354 1460 368 1483 ‚
395 1442 492 1472 nec·
514 1426 642 1471 novi.

677 1511 707 1544 E
745 1511 781 1543 U
816 1512 842 1544 C
878 1512 907 1544 L
943 1512 963 1544 I
1002 1513 1050 1546 Ο.

307 1589 445 1634 Illam
458 1624 471 1644 ‚
498 1605 557 1634 ex
574 1588 751 1634 Silvani
767 1590 878 1635 luco
904 1605 1051 1650 quam
1071 1589 1320 1637 abstuleras
1335 1624 1349 1648 ‚
1369 1590 1501 1637 cedo.

225 1662 252 1706 I
265 1695 278 1717 ‚
295 1660 434 1705 refer:
465 1661 711 1706 dimidiam
728 1672 887 1707 tecum
907 1663 1065 1723 potius
1082 1674 1265 1724 partem
1279 1660 1520 1710 dividam(

225 1731 437 1783 Tametsi
468 1733 543 1779 fur
571 1733 690 1780 mihi
721 1749 766 1779 es
781 1767 796 1793 ,
821 1735 1046 1781 molestus
1069 1751 1170 1780 non
1197 1751 1290 1781 ero.
1317 1735 1334 1780 i
1357 1752 1500 1795 vero,

479 1804 611 1850 refer.

579 1890 1151 1926 LYCONIDES.

229 1961 378 2011 Sanus
408 1972 464 2007 tu
493 1978 595 2007 non
625 1979 670 2008 es
686 1997 701 2020 ,
728 1963 815 2025 qui
837 1962 994 2011 furem
1022 1982 1101 2013 me
1128 1981 1279 2013 voces.
1315 1982 1402 2032 ego
1425 1977 1502 2024 te,

484 2035 679 2093 Euclio,
1475 2030 1479 2040 ¹

229 2116 308 2162 De
331 2119 417 2163 alia
434 2135 483 2164 re
502 2119 732 2166 rescivisse
757 2123 943 2180 censui,
963 2122 1098 2183 quod
1119 2122 1180 2168 ad
1199 2139 1278 2170 me
1300 2121 1478 2168 astinet-

230 2187 403 2252 Magna
422 2202 488 2236 est
509 2208 578 2237 res
595 2227 608 2248 ‚
629 2209 776 2253 quam
800 2211 887 2258 ego
910 2206 1072 2241 tecum
1095 2194 1265 2254 otiose,
1288 2193 1324 2239 si
1347 2193 1500 2239 otium

490 2277 556 2311 est
571 2300 584 2324 ‚
607 2269 749 2329 cupio
775 2269 926 2329 loqui.

675 2364 706 2395 E
745 2363 780 2395 U
815 2365 842 2397 C
878 2364 909 2396 L
944 2363 966 2396 I
1000 2363 1048 2396 Ο.

231 2431 321 2481 Dic
338 2432 468 2481 bona
486 2434 602 2494 fide:
628 2447 683 2484 tu
702 2436 753 2484 id
768 2454 938 2487 aurum
958 2437 1367 2499 non'surripuisti?
