1650 2826
127 191 257 242 vas
388 186 677 236 Ac‘rus
726 186 803 233 rr.
855 157 959 232 Sc.
1013 184 1115 231 rv.
1291 199 1397 246 <491

544 305 575 340 ¹s
612 306 651 339 Τ·
676 304 712 338 A
745 304 776 336 L
812 304 833 336 1
855 304 902 337 ‘N
940 303 987 336 o.

130 379 231 443 Ego
252 381 339 441 pol
358 379 493 426 istam
511 379 613 442 jam
637 377 995 438 aliquovorsum
1023 377 1251 440 tragulam
1274 375 1402 422 deci-

354 451 509 497 sdero.

134 525 257 573 Nam
270 526 316 572 ·si
334 527 397 572 sic
418 525 541 586 nihil
555 523 790 588 inffetrare
806 532 1001 582 potero,
1025 521 1188 567 saltem
1210 521 1382 567 sortiar.

133 599 207 645 Ibi
234 615 321 664 ego
344 611 392 646 te
420 609 467 645 et
489 596 805 660 suffragatores
824 608 931 640 tuos
953 594 1151 640 ulciscar.

216 670 219 673 Ι
509 697 536 729 c
573 694 607 726 Η
643 693 679 726 A
712 693 743 725 L
779 693 801 725 1
834 693 868 724 N
903 691 939 724 U
975 692 1014 725 s.

1179 735 1406 791 Attamim

133 815 203 876 Mi
231 818 451 882 obtinget
481 833 589 863 sors.

543 910 565 942 s
605 909 636 941 T
672 907 707 940 A
740 908 770 940 L
806 909 829 941 1
863 909 896 941 N
932 909 980 942 o.

451 975 516 1021 Ut
535 975 734 1036 quidem
750 977 835 1036 pol
857 992 1014 1037 pereas
1037 975 1246 1022 cruciatu
1262 977 1420 1023 male..

249 1109 253 1114 ,
517 1075 544 1107 c
580 1075 615 1107 H
651 1074 686 1106 A
719 1075 750 1106 L
786 1075 805 1106 1
841 1076 873 1107 N
911 1076 946 1107 U
982 1076 1020 1109 s.

134 1139 207 1186 Mi
238 1141 316 1186 ina
349 1142 527 1192 nubet;
567 1141 834 1188 machinare
866 1143 1002 1203 quod
1037 1145 1203 1204 lubet,
1236 1145 1405 1206 quovis

384 1213 548 1259 modo.
951 1238 954 1240 -

365 1342 371 1351 ,
463 1346 467 1349 ,
558 1308 581 1341 s
620 1308 651 1340 Τ
685 1307 721 1340 Α
754 1308 785 1340 L
819 1308 843 1340 1
876 1307 911 1340 N
947 1308 997 1340 o.

134 1376 275 1423 Abin’
305 1377 417 1423 hinc
442 1378 503 1423 ab
535 1377 717 1423 oculis?

522 1477 548 1508 c
585 1476 619 1508 Η
654 1475 688 1508 A
724 1476 754 1509 L
789 1476 810 1507 1
845 1476 878 1508 N
912 1477 949 1509 U
986 1476 1024 1510 s.

556 1543 739 1590 Invitus
760 1560 840 1589 me
860 1544 990 1591 vides
1011 1564 1021 1590 ε
1054 1546 1211 1592 vivam
1232 1556 1406 1606 tamen.

500 1617 505 1623 ¹
560 1637 583 1670 s
621 1636 653 1669 'r
689 1637 724 1669 A
760 1637 790 1670 L
825 1638 847 1670 1
880 1639 914 1670 N
950 1639 998 1671 0.
1192 1619 1197 1627 ’

142 1702 323 1749 Sumne
358 1719 445 1767 ego
475 1704 613 1750 miser
640 1705 824 1751 homo?
851 1707 980 1752 satin’
1010 1723 1175 1753 omnes
1202 1723 1270 1752 res
1299 1718 1410 1753 sunt

394 1777 611 1823 advorsae
640 1778 800 1823 mihi?
1010 1836 1017 1837 ἶ
1104 1828 1107 1829 ⁷

136 1847 245 1903 Jam
277 1858 446 1894 metuo
463 1883 476 1904 ‚
500 1865 563 1894 ne
592 1849 940 1911 Olympionem
962 1864 1068 1895 mea
1098 1865 1221 1894 uxor
1250 1865 1412 1895 exora-

394 1921 513 1965 verit
529 1955 543 1976 ,

144 1987 217 2032 Ne
246 1988 456 2034 Casinam
479 1990 633 2036 ducat.
656 1990 692 2034 si
713 1990 765 2035 id
781 1990 961 2035 factum
977 1991 1031 2035 'st
1044 2024 1058 2045 ,
1079 2005 1186 2033 ecce
1203 2005 1282 2033 me
1304 1989 1414 2034 nul-

395 2061 499 2105 lum
526 2078 715 2109 senemr:

145 2131 194 2178 Si
214 2148 314 2177 non
328 2133 578 2193 inpetravit
588 2168 602 2190 ‚
616 2133 756 2179 etiam
771 2134 957 2194 specula
972 2133 1023 2177 in
1039 2133 1202 2179 sortitu
1215 2135 1269 2179 ’st
1280 2134 1410 2180 mihi.

146 2207 195 2253 Si
228 2225 320 2253 sors
346 2219 507 2254 autem
538 2209 779 2255 decolassit
793 2243 807 2266 ,
835 2208 1044 2273 gladium
1070 2208 1237 2254 faciam
1268 2211 1413 2256 culci-

299 2293 302 2297 ’
404 2290 535 2338 tam,‘

149 2351 373 2413 Eumque
401 2354 688 2400 incumbam.
730 2354 810 2400 sed
842 2354 1136 2419 progreditur
1167 2366 1395 2416 optume,

382 2442 590 2496 eccum,
615 2426 860 2488 Olympio.
