1650 2826
218 196 368 241 ⁴:25⁸
522 193 1158 247 AULULARTA.
1364 220 1495 269 '⁹23⁰

620 317 649 351 c
684 319 715 351 o
751 319 781 351 N
821 318 853 351 G
889 321 922 354 R
957 321 976 352 1
1015 321 1062 353 0.

215 377 415 425 Censen’
448 378 694 431 talentum,
714 396 943 445 magnum
977 382 1155 428 exorari
1183 394 1370 444 potesse

214 451 291 497 Ab
319 452 434 497 istoc
464 467 572 497 sene
590 486 604 509 ‚
626 462 682 498 ut
706 451 814 511 det,
839 455 926 514 qui
951 455 1117 502 fiamus
1147 455 1319 503 liberi?

570 548 593 582 s
630 549 661 582 T
696 549 729 582 R
765 550 797 583 o
834 550 864 582 Β
899 551 919 583 1
954 551 984 584 1.
1022 552 1057 584 U
1094 552 1130 586 s.

211 608 409 655 ‘Famem
450 610 606 656 hercle
644 611 876 658 utendam
897 646 912 671 ,
951 613 988 659 si
1024 631 1156 680 roges
1176 650 1192 673 ‚
1219 631 1495 680 numquam

467 683 612 728 dabit.

213 754 355 823 'Quin
380 755 466 817 ipsi
487 756 675 816 pridem
702 767 865 804 tonsor
891 760 1061 824 unguis
1091 761 1347 820 demserat3

214 827 466 892 Conlegst,
493 828 656 874 omnia
686 829 879 877 abstulit
907 835 1240 898 praesegmina»

636 921 664 952 c
701 921 732 954 o
768 922 801 954 N
831 922 871 954 ·G
907 924 939 955 R
977 924 997 956 1
1034 925 1081 956 ο.

218 980 408 1042 Edepol
437 981 691 1034 mortalem
723 997 861 1042 parce
887 998 1082 1043 parcum
1106 985 1366 1045 praedicas!

220 1054 417 1100 Censen’
435 1071 548 1101 vero
571 1054 690 1100 adeo
713 1071 850 1116 parce
877 1066 925 1101 et
954 1056 1122 1103 misere
1144 1057 1302 1104 vivere
1316 1059 1338 1103 ?

574 1141 598 1174 s
636 1141 665 1174 Τ
701 1142 734 1174 Β
771 1142 803 1174 o
839 1142 868 1174 Β
905 1143 926 1174 1
962 1142 992 1174 1.
1032 1143 1083 1177 U*
1103 1144 1140 1177 s.

219 1208 536 1256 Pulmentum
563 1209 752 1272 pridem
776 1211 836 1256 eii
865 1210 1073 1272 deripuit
1093 1212 1297 1258 miluus:
1348 1221 1361 1225 ⁵

222 1280 387 1327 Homo
415 1281 475 1327 ad
502 1293 772 1343 praetorem
804 1281 1193 1344 deplorabundus
1218 1281 1377 1330 venit:

222 1352 337 1398 Infit
355 1353 426 1398 ibi
452 1354 689 1414 postulare
706 1387 719 1410 ,
751 1354 966 1414 plorans,
999 1354 1176 1418 ejulans
1194 1387 1212 1412 ,

225 1424 289 1469 Ut
320 1425 407 1470 sibi
435 1425 594 1472 liceret
625 1427 834 1472 miluum
861 1426 1081 1472 vadarier.

225 1494 455 1542 Sexcenta
483 1509 594 1544 sunt
610 1533 623 1555 ,
649 1514 771 1559 quae
798 1514 1091 1554 memorem,
1118 1497 1155 1542 si
1178 1497 1235 1543 sit
1258 1497 1424 1543 otium.

227 1567 320 1613 Sed
350 1580 455 1615 uter
484 1582 752 1617 vostrorum
785 1571 838 1616 ’st
868 1570 1095 1616 celerior?
1125 1586 1336 1617 memora
1365 1570 1498 1616 mihi.

643 1654 669 1686 c
711 1655 743 1687 o
778 1655 811 1687 N
848 1654 880 1686 G
915 1655 949 1688 R
983 1653 1003 1686 1
1039 1654 1086 1687 o.

228 1713 330 1776 Ego
346 1749 359 1772 ,
385 1725 440 1760 ut
469 1716 625 1761 multo
649 1716 831 1761 melior.

583 1799 605 1832 s
643 1799 674 1831 Τ
710 1801 743 1832 Β
780 1800 811 1831 o
848 1800 875 1830 B
910 1800 931 1831 1
967 1800 998 1832 L
1035 1799 1070 1832 U
1107 1799 1143 1832 s.

704 1858 890 1904 Cocum
919 1875 1030 1923 ego,
1049 1875 1151 1905 non
1171 1858 1354 1918 furem,
1366 1873 1499 1926 rogo.

632 1943 659 1976 c
696 1943 728 1975 o
764 1944 798 1976 N
837 1942 869 1976 G
903 1944 938 1977 Β
970 1944 993 1976 1
1029 1944 1076 1976 o.

231 2001 417 2048 Cocum
449 2018 538 2067 ego
573 2001 695 2049 dico.

585 2087 610 2121 S
644 2088 676 2121 Τ
711 2089 745 2122 R
781 2088 813 2121 O
849 2087 878 2120 B
913 2087 933 2120 1
969 2088 999 2120 L
1034 2089 1071 2122 U
1107 2088 1145 2123 S'·

716 2147 854 2217 Quid
875 2157 933 2194 tu
954 2148 1014 2193 ais
1029 2148 1051 2192 ἐ’

623 2241 660 2275 A
694 2243 728 2276 N
766 2243 796 2275 T
832 2242 867 2275 Η
901 2243 936 2276 Β
970 2242 1005 2274 A
1041 2242 1090 2274 Χ,

1031 2301 1106 2348 Sic
1124 2316 1255 2356 sum,
1278 2308 1334 2344 ut
1355 2297 1496 2348 vides.

647 2391 677 2422 c
715 2390 746 2422 o
782 2390 815 2422 N
851 2389 883 2422 G
919 2390 952 2422 R
987 2389 1007 2421 1
1045 2389 1090 2420 o.

234 2455 390 2504 Cocus
406 2455 487 2502 ille
514 2457 786 2506 nundinans
808 2468 900 2516 est,
926 2457 976 2503 in
998 2470 1184 2502 nonum
1211 2452 1338 2501 diem
