1650 2826
230 170 324 216 324
549 148 1179 197 BACCHIDES.
1364 167 1504 215 v.93

230 264 400 313 Melius
433 273 548 308 esset
565 295 579 319 ‚
602 277 681 308 me
714 275 914 322 quoque
943 276 1039 307 una
1059 261 1095 306 si
1122 276 1236 307 cum
1258 261 1344 308 illo
1365 262 1507 308 relin-

483 351 662 396 queres,

553 429 1194 465 PHILOXENUS.

232 499 427 547 Affatim
454 509 534 545 est.
561 499 851 545 Mnesiloche
871 534 884 557 ‚
916 516 1026 546 cura
1058 510 1106 545 et
1133 500 1397 564 concastiga
1421 500 1512 546 ho-

483 575 665 621 minem
694 575 874 638 probe,

236 646 341 717 Qui
367 646 620 693 dedecorat
646 658 695 693 te
710 681 724 705 ,
749 664 828 693 me
845 681 859 705 ‚
887 647 1059 693 amicos
1085 657 1230 708 atque
1252 646 1363 692 alios
1381 644 1513 709 flagi-

490 732 564 768 tus
590 738 694 768 suis.

596 848 959 896 SCENA
1035 848 1147 896 IV.

520 989 1234 1025 MNES1Locnus.

236 1046 608 1157 INMITIOREM
639 1124 770 1154 nunc
794 1120 960 1155 utrum
992 1109 1180 1154 credam
1213 1110 1356 1174 magis

239 1183 526 1231 Sodalemne
546 1199 638 1229 esse
652 1219 665 1241 ‚
686 1200 746 1229 an
763 1182 1044 1230 Bacchidem
1059 1218 1072 1240 ‚
1096 1183 1330 1230 incertum
1348 1183 1516 1231 admo-

494 1257 614 1302 dum
635 1257 702 1302 'st.

241 1333 390 1378 Illum
413 1331 657 1392 exoptavit
678 1330 870 1391 potius?
900 1324 1084 1376 habeat.
1113 1341 1315 1392 optume
1344 1341 1439 1377 est:

244 1405 346 1450 Nae
370 1404 450 1449 illa
478 1402 600 1449 illud
630 1403 786 1450 hercle
815 1419 929 1450 cum
949 1405 1076 1450 malo
1099 1402 1211 1448 fecit
1236 1419 1336 1448 suo.

242 1478 370 1524 Nam
395 1477 518 1523 mihi
543 1476 693 1522 divini
718 1492 991 1537 numquam
1021 1465 1276 1538 quisquam
1298 1474 1517 1533 creduat,

190 1552 196 1558 '
241 1550 307 1597 Ni
332 1567 419 1616 ego
446 1550 574 1596 illam
607 1549 834 1610 exemplis
858 1548 1073 1621 plurimis
1097 1549 1338 1609 planeque
1361 1562 1484 1592 amo.

245 1624 349 1689 Ego
373 1624 481 1670 faxo
506 1622 636 1669 haud
660 1622 786 1668 dicet
808 1633 995 1668 nactam
1013 1655 1027 1679 ‚
1054 1637 1203 1682 quem
1231 1620 1453 1666 derideat.

245 1698 372 1745 Nam
400 1700 501 1762 jam
525 1697 728 1744 domum
750 1697 861 1755 ibo,
889 1708 1035 1758 atque
1061 1695 1244 1757 aliquid
1275 1693 1520 1756 surripiam

499 1782 633 1832 patn.

246 1842 308 1889 Id
332 1842 406 1888 isti
435 1842 574 1888 dabo.
611 1857 698 1906 ego
727 1841 872 1888 istanc
897 1841 1060 1888 multis
1087 1841 1278 1887 ulciscar
1303 1837 1486 1884 modis:
1565 1838 1571 1845 ²

248 1914 386 1962 Adeo
408 1930 496 1978 ego
520 1914 650 1959 illam
673 1931 840 1979 cogam
858 1932 1010 1978 usque
1027 1950 1041 1974 ‚
1060 1927 1116 1962 ut
1132 1916 1372 1962 mendicet
1387 1927 1519 1959 meus

495 1997 641 2048 pater.

246 2059 341 2106 Sed
364 2060 493 2106 satin'
511 2077 598 2124 ego
627 2060 845 2106 animum
863 2070 1027 2106 mente
1051 2060 1224 2106 sincera
1245 2077 1355 2124 gero
1370 2060 1392 2104 ?

250 2134 351 2201 Qui
382 2133 443 2178 ad
473 2133 603 2178 hunc
640 2133 846 2180 modum
877 2133 992 2180 haec
1032 2132 1109 2178 hic
1127 2166 1141 2190 ‚
1174 2149 1295 2193 quae
1328 2131 1486 2178 futura
1505 2166 1519 2189 ,

499 2205 686 2252 fabulor
700 2207 720 2252 Ρ

247 2276 372 2323 Amo
411 2280 565 2324 hercle
586 2315 599 2337 ‚
635 2281 807 2342 opinor
826 2313 840 2338 ,
874 2289 1044 2341 utpote
1078 2277 1212 2338 quod
1247 2293 1334 2338 pro
1374 2289 1501 2324 certo

495 2368 649 2397 sclam.

246 2423 427 2477 Verum
457 2439 604 2484 quam
635 2424 713 2470 iua
741 2438 975 2486 umquam
1009 2422 1068 2469 de
1089 2438 1195 2470 mea
1219 2423 1421 2483 pecunia

1618 2419 1650 2826 *flzssnw-nwoe
1647 2243 1650 2245 .
1648 2200 1650 2209 -
