1650 2826
258 192 324 242 '82
438 164 443 168 ’
573 185 1237 243 AMPHITRUO.
1443 212 1543 259 vy

264 301 599 373 Quamobrem
632 301 701 345 mi
729 300 875 364 magis
909 316 991 362 par
1027 312 1094 348 est
1118 302 1194 349 via
1224 301 1477 364 decedere,
1502 319 1547 353 et

517 374 789 421 concedere.

263 450 399 495 Pater
426 458 566 494 vocat
588 463 666 492 me
685 482 697 504 ,
718 464 831 493 eum
855 462 1054 508 sequor,
1075 449 1173 512 ejus
1198 449 1328 497 dicto
1347 450 1550 513 imperio

521 535 628 565 sum
656 518 850 564 audiens
872 538 880 563 ε

263 593 330 647 Ut
362 593 516 640 filium
548 592 738 638 bonum
771 593 892 654 patri
912 609 1004 638 esse
1025 603 1243 656 oportet,
1268 594 1436 642 itidem
1460 612 1549 661 ego

519 683 625 711 sum
657 666 790 728 patri.
1035 707 1037 710 .

268 740 464 793 Amanti
508 739 819 801 supparasitor
838 772 852 796 ,
889 739 1084 797 hortor,
1118 751 1216 787 asto
1232 775 1246 799 ,
1281 739 1549 801 admoneo,

518 811 719 877 gaudeo.

263 885 315 933 Si
339 885 463 948 quid
486 884 607 948 patri
631 885 812 945 volupe
828 883 883 929 ’st
898 918 911 941 ,
929 885 1148 945 voluptas
1180 900 1234 932 ea
1250 886 1370 932 mihi
1391 888 1550 934 multo

522 975 748 1007 maxuma
765 959 830 1003 ’st.

264 1032 448 1082 Amat?
483 1033 601 1094 sapit
626 1052 635 1077 :
671 1042 796 1077 recte
827 1030 936 1077 facit
953 1065 968 1088 ‚
999 1031 1159 1078 animo
1194 1032 1390 1094 quando
1415 1033 1551 1080 obse-

521 1105 686 1166 quitur
707 1121 823 1150 suo:

267 1178 421 1249 Quod
456 1179 610 1225 omnis
648 1176 866 1223 homines
899 1175 1047 1222 facere
1087 1187 1306 1237 oportet,
1344 1176 1465 1224 dum
1499 1179 1551 1226 id

522 1249 673 1295 modo
707 1249 788 1294 fiat
818 1247 964 1293 bono.

265 1324 410 1372 Nunc
445 1324 853 1386 Amphitruonem
890 1322 994 1368 volt
1029 1320 1196 1368 deludi
1229 1339 1364 1370 meus
1394 1335 1549 1387 pater;

520 1395 629 1442 faxo
657 1394 810 1456 probe

260 1469 369 1529 Jam
384 1470 461 1516 hic
479 1468 1052 1529 deludetux‚spectatores,
1068 1467 1203 1514 vobis
1220 1468 1548 1529 spectantibus.

262 1544 463 1605 Capiam
503 1559 729 1589 coronam
761 1541 830 1587 mi
867 1541 918 1586 in
950 1551 1121 1602 caput;
1153 1542 1432 1589 assimulabo
1467 1561 1547 1590 me

526 1633 619 1663 esse
652 1616 867 1662 ebrium:

267 1693 430 1754 Atque
449 1691 562 1737 illuc
590 1707 774 1736 sursum
792 1689 1072 1736 escenderoff
1101 1690 1214 1737 inde
1238 1701 1439 1752 optume
1467 1692 1551 1738 cis—

521 1765 697 1825 pellam
728 1765 899 1810 virum.

267 1839 343 1887 De
377 1853 548 1898 supero
566 1870 579 1893 ,
614 1851 727 1881 cum
763 1836 859 1881 huc
896 1836 1129 1882 accesserit
1148 1870 1161 1893 ,
1193 1835 1361 1882 faciam
1401 1847 1457 1883 ut
1491 1838 1550 1883 sit

521 1908 738 1954 madidus
773 1908 965 1954 sobrius.

264 1983 455 2034 Deinde
483 1983 552 2029 illi
581 1992 799 2028 actutum
826 1982 1013 2030 sufferet
1041 1999 1151 2030 suus
1187 1999 1340 2030 servos
1374 1978 1551 2046 poenas

522 2057 677 2104 Sosia:

266 2134 395 2181 Eum
425 2132 580 2179 fecisse
608 2132 687 2177 ille
717 2129 863 2176 hodie
890 2141 1081 2193 arguet,
1112 2145 1235 2191 quae
1272 2143 1360 2194 ego
1392 2127 1547 2174 fecero

522 2206 611 2252 hic.
649 2205 771 2267 quid
793 2205 847 2251 -id
871 2206 1014 2251 mea?

265 2278 380 2327 Meo
411 2295 491 2325 me
523 2295 733 2339 aequom
751 2279 805 2324 'st
831 2279 1121 2343 morigerum
1150 2276 1271 2339 patri
1288 2308 1303 2334 ,
1331 2274 1428 2339 ejus
1454 2285 1550 2322 stu·
1615 2293 1632 2322 ι

525 2354 604 2399 dio
632 2354 799 2400 servire
833 2354 1044 2399 addecet.

266 2426 364 2476 Sed
404 2443 572 2475 eccum
604 2426 1038 2488 Amphitruonem3
1074 2423 1304 2474 advenit.
1336 2422 1438 2487 jam
1467 2422 1547 2472 ille

519 2500 597 2546 hic
621 2499 874 2546 deludetur
904 2498 1080 2561 probe5

1638 1565 1650 1576 ,.

1632 1580 1648 1601 ‚⁴

1630 1596 1650 1781 ,Ξ

1630 1840 1634 1849 ι

1625 1784 1646 2067 Ξ

1617 2062 1639 2312 5

1607 2322 1631 2525 Ξ

1606 2522 1628 2612 3
