1650 2826
0 1919 4 1935 ἡ
0 1890 5 1898 ν·
0 1839 7 1882 v<*<·-.-
0 1656 10 1828 «vv-urrann
10 1613 12 1615 ,

453 170 1124 223 ἘΒΙΤῙΟΝΕδὶ
1354 185 1465 221 xm

285 269 307 297 7
386 293 569 341 autem,
605 293 792 330 curator
812 280 1064 340 Jundnae,
1100 281 1240 327 etiam
1273 280 1468 342 scriptos

335 380 341 385 ·
388 348 529 395 libros
555 344 720 393 denuo
745 347 975 404 contulit,
1000 347 1306 406 maximeque
1322 347 1469 406 praei·

308 413 697 468 ;-·''·vit‘Venetis'‚
727 423 824 458 tam
846 412 951 457 Aldi
973 410 1022 468 Ι,
1034 403 1097 470 ’ἶ5
1110 410 1183 467 16,
1209 426 1353 471 quarn
1378 411 1471 455 Lu-

293 472 306 492 “’
386 493 463 523 cae
486 476 768 530 Olcliiniensis
795 477 908 522 Can.
934 492 1044 522 cum
1074 491 1119 521 n.
1148 490 1261 520 varr.
1283 475 1470 531 Vanae,

194 1519 313 1568 1513

384 540 614 598 Saraceni,
631 541 835 603 Pyladis,
854 541 947 596 Pii,
968 540 1170 604 Ugoled,
1194 539 1404 604 Grapaldi
1422 552 1469 584 et

382 607 575 652 Ans-elmi
593 620 643 664 15
657 606 710 651 18
728 639 741 662 ,
767 605 878 651 dein
895 605 1079 650 Aldinae
1097 605 1167 661 II,
1185 603 1345 650 Franc.
1358 604 1471 648 Asu-

345 695 347 697 ·
383 671 478 716 lani
498 685 614 728 1592
635 705 648 727 ‚
675 681 781 716 tum
810 669 1130 716 Basiliensibus
1158 668 1394 714 Cratandn'
1421 678 1470 713 et

385 734 603 796 Hewagii
626 749 742 796 1593
756 769 769 790 ‚
799 749 815 778 1
827 751 850 793 5
859 751 882 795 3
893 751 916 792 5
933 769 946 791 ,
962 734 1197 780 Parisiensi
1214 733 1268 779 R.
1286 733 1472 797 Stepha-

382 801 432 845 ni
467 813 606 860 1599,
628 813 766 859 1530,
784 812 831 844 et
849 798 1150 861 Gryphianae
1176 814 1316 859 1535,
1335 811 1471 858 1537.

383 862 645 927 Singulares
669 864 777 909 edd.
800 875 910 909 sunt
932 863 1198 909 Parmenses
1220 863 1332 908 Mar.
1355 862 1470 908 Gra-

377 928 505 993 paldi
536 943 652 989 1533
675 939 723 974 et
754 942 884 987 1541.
923 928 1124 974 Accessit
1152 943 1279 974 nova
1308 942 1471 974 recen-

385 993 454 1039 sio
481 992 607 1038 Gisb.
634 993 673 1038 L
688 1005 761 1039 ON
778 1005 810 1038 G
824 1005 856 1038 o
871 1005 899 1038 Ι.
912 1005 932 1038 1
947 1006 967 1039 1
987 1028 999 1049 ‚
1038 992 1125 1053 qui
1154 993 1367 1054 primum
1399 1008 1471 1038 se-

384 1057 609 1103 lectiores.
630 1057 909 1115 Comoedias
941 1057 1092 1103 edidit
1120 1057 1309 1122 juvenis
1332 1056 1471 1102 Paris.

390 1132 439 1167 et
469 1122 635 1168 Colon.
662 1120 810 1182 1530,-
841 1122 954 1168 dein
981 1138 1146 1168 omnes
1173 1122 1307 1183 1538.
1342 1122 1472 1167 Inse-

385 1197 522 1232 cutae
540 1198 649 1232 sunt
670 1186 938 1251 Gryphianae
960 1203 1099 1247 1540,
1123 1197 1240 1245 1547
1259 1197 1308 1232 et
1331 1200 1471 1245 1549,

386 1261 436 1296 et
446 1250 662 1312 Hervagii
677 1266 694 1295 1
704 1269 728 1310 5
737 1267 812 1309 5ο.
826 1251 1169 1297 Emendatioris
1182 1251 1339 1297 aetatis
1352 1266 1471 1296 mox

384 1330 672 1361 successurae
688 1332 819 1377 spem
835 1315 1006 1362 fecerat
1024 1317 1123 1380 jam
1137 1332 1173 1361 a.
1204 1331 1323 1374 1545
1356 1315 1471 1361 Ger-

384 1380 568 1426 maniae
591 1380 879 1427 humanioris
902 1382 1105 1428 alterum
1123 1381 1289 1427 lumen
1304 1380 1467 1438 Joach.

382 1444 669 1490 Camerarius.
907 1470 910 1475 ·

382 1524 413 1552 s.
430 1509 458 1553 1.
478 1509 755 1572 (Lugduni)
782 1511 824 1554 8.
847 1510 910 1555 M
930 1510 1084 1555 Plauti
1108 1510 1370 1555 Sarssinatis
1389 1508 1472 1554 Co·-

380 1573 538 1617 moedie
559 1572 650 1616 XX
672 1574 932 1618 Varroniane
963 1591 1016 1619 ex
1046 1576 1234 1637 antiquis
1265 1577 1472 1619 recentio-

381 1636 574 1698 ribusque
591 1653 710 1681 exem
740 1638 901 1682 laribus
915 1640 1092 1684 invicem
1111 1639 1279 1684 collatis
1296 1638 1472 1701 diligen-

385 1703 546 1746 tissime
563 1718 677 1746 emen
739 1713 793 1746 te.
813 1703 867 1746 ln
886 1702 1001 1747 fine:
1024 1701 1147 1748 Finis
1163 1702 1472 1748 Plautinarum

385 1776 589 1826 quatuor
611 1766 717 1826 (qui
741 1781 864 1811 error
889 1766 1031 1812 fuerit
1050 1770 1328 1830 operarum)
1347 1781 1390 1813 et
1408 1770 1472 1815 vi-

380 1832 502 1891 ginti
525 1829 843 1875 Comoediarum
871 1831 1192 1877 emendaturum
1208 1849 1289 1896 per
1318 1833 1473 1878 claris-

383 1896 538 1939 simum
581 1897 721 1941 virum
767 1897 928 1940 artium
968 1895 1179 1941 doctorem
1222 1896 1475 1943 Simonem

383 1958 779 2019 Charpentarium
802 1976 897 2005 cum
926 1963 1193 2021 argumentis
1217 1962 1399 2024 ejusdem
1425 1964 1473 2007 iu

385 2040 721 2086 unamquamque
765 2022 1033 2069 Comoediam
1070 2025 1439 2088 familiarissimis
1455 2046 1472 2071 .-

382 2103 557 2149 cumque
594 2091 810 2134 nominum
846 2089 1133 2151 etymologiis:
1178 2090 1344 2135 danum
1371 2103 1474 2155 post

383 2167 534 2197 novam
552 2152 698 2197 limam
714 2155 1122 2216 castigationemque
1142 2155 1380 2200 adhibitam
1394 2158 1475 2200 im-

378 2232 638 2283 pressarum.
666 2218 789 2262 Anno
807 2218 964 2262 decimo
989 2221 1113 2263 tertio
1136 2236 1268 2283 supra
1286 2220 1404 2265 mille
1428 2233 1471 2266 et

386 2283 659 2343 quingentos,
679 2282 791 2345 prid.
805 2298 939 2326 nonas
955 2283 1136 2346 Apriles.
1155 2310 1198 2318 -
1219 2284 1355 2329 Hanc
1374 2285 1472 2330 edi-

385 2345 569 2390 tionem
612 2347 759 2410 vulgo
798 2347 958 2392 vocari
994 2348 1244 2394 Parisinam
1259 2383 1275 2405 ‚
1314 2349 1472 2396 scribit

326 2477 336 2484 „
391 2409 612 2456 Goetzius
639 2410 692 2457 in
718 2410 863 2458 Mem.
882 2410 1004 2458 Bibl.
1027 2413 1211 2460 Dresd.
1230 2416 1281 2472 l,
1304 2430 1350 2475 p.
1383 2429 1412 2473 9
1417 2430 1472 2473 5,
