1650 2826
118 202 246 245 *250
413 182 700 232 ACTus
749 160 827 228 1'.1.
878 181 980 230 se.
1033 183 1116 229 11.
1307 199 1400 247 229

87 301 92 306 ’
121 298 417 345 factiosum:
450 311 529 341 me
555 295 676 340 item
707 295 956 349 hominem
987 311 1255 357 paupetum
1281 314 1403 360 pau-

370 383 681 431 perrumum:
1330 385 1427 398 χ

122 443 263 489 Nunc
293 441 332 512 qi
351 439 495 486 filiam
523 438 737 486 locassim
756 455 927 498 ‘meam
957 440 1079 498 tibi,
1106 441 1157 487 in
1186 454 1401 490 mentem

371 522 532 568 vemt,

121 587 194 635 Te
219 585 397 633 bovem
426 599 546 639 esse,
570 594 617 628 et
647 599 727 628 me
758 599 852 628 esse
881 584 1090 630 asellum.
1124 584 1210 630 ubi
1239 596 1400 631 tecum

341 703 344 706 Δ
371 657 654 720 conjunctus
689 657 803 702 siem
822 692 835 713 ‚

115 737 216 788 Ubi
232 752 355 796 onus
382 751 628 797 neq-neam
658 735 775 784 ferre
795 736 992 797 pariter,
1009 737 1191 800 jaceam
1212 753 1299 800 ego
1322 737 1404 783 asi-

372 825 462 855 nus
490 809 540 853 in
573 809 709 865 luto:
1343 830 1347 833 Δ

119 883 199 931 Tu
240 899 322 932 me
353 882 440 928 bos
463 881 621 945 ,magis
659 880 789 930 haud
819 881 1030 945 respicias
1048 916 1063 940 ,
1088 881 1235 929 ‘natus
1272 884 1405 943 quasi

372 970 645 1014 numquam
678 969 808 999 siem.

123 1035 187 1082 Et
213 1035 297 1083 ted
327 1034 695 1097 utarjniquiore
714 1069 729 1092 ,
768 1045 815 1081 et
843 1051 978 1081 meus
1002 1035 1118 1082 med
1147 1037 1264 1083 ordo
1295 1038 1403 1083 inri-
1469 1030 1473 1032 V

378 1106 501 1151 deat.
579 1116 581 1119 “

124 1176 364 1224 Neutrubi
385 1177 585 1222 habeam
616 1177 781 1223 stabile
803 1179 1045 1235 stabulum
1062 1215 1075 1237 ‚
1109 1180 1146 1224 si
1180 1179 1301 1239 quid
1335 1179 1404 1224 di-

373 1249 504 1295 vorti
528 1249 644 1295 fuat.

0 1349 4 1359 .
55 1372 62 1383 Ι
123 1321 256 1371 Αξςίηἱ
281 1336 362 1366 me
393 1320 683 1366 mordicibus
718 1323 961 1390 scindant,
989 1325 1137 1373 boves
1165 1327 1404 1374 incursent

381 1393 617 1440 cornibus.

123 1466 234 1515 Hoc
259 1481 490 1530 magnum
519 1466 572 1516 'st
600 1466 861 1527 periclum,
889 1468 949 1514 ab
977 1470 1109 1516 asinis
1136 1488 1216 1517 me
1237 1471 1298 1518 ad
1315 1472 1405 1519 bo-

380 1554 461 1586 ves
492 1539 829 1585 transcendere.

466 1644 509 1676 M
544 1644 574 1676 E
612 1645 644 1677 G
681 1644 716 1677 A
750 1647 786 1679 D
823 1647 855 1679 o
890 1647 925 1681 R
962 1647 997 1683 Π
1034 1648 1071 1683 S.

128 1719 293 1788 Quam
313 1717 375 1766 ad
393 1719 573 1780 probos
602 1722 962 1784 propinquitate
991 1740 1243 1787 proxume
1259 1735 1307 1770 te
1326 1724 1406 1771 ad-

371 1804 611 1855 junxens,

132 1871 256 1915 Tam
276 1879 534 1931 optumum
551 1873 692 1919 'satu
715 1874 1043 1933 conditionem
1070 1877 1192 1923 hanc
1217 1879 1398 1940 accipe:

381 1945 590 1990 ausculta
618 1945 762 2001 mihi,

131 2016 293 2078 Atque
313 2032 417 2063 eam
437 2017 680 2078 desponde
701 2020 833 2064 mihi.

583 2123 614 2155 E
651 2122 686 2154 U
721 2123 748 2154 c
783 2123 814 2155 L
849 2123 870 2155 1
906 2124 954 2156 o.

416 2201 424 2205 ’
482 2201 548 2248 At
572 2201 692 2248 nihil
716 2213 784 2249 est
806 2202 928 2248 dotis
957 2204 1095 2264 quod
1118 2205 1244 2252 dem.

466 2300 510 2334 M
543 2301 574 2334 Ε
612 2303 645 2338 G
680 2304 716 2336 A
750 2306 787 2337 D
823 2307 855 2339 o
890 2307 924 2340 R
960 2306 995 2338 u
1031 2307 1069 2340 s,

1183 2362 1256 2408 Ne
1275 2362 1401 2409 duas.

131 2419 413 2475 Dummodo
435 2438 615 2475 morata
637 2439 763 2477 recte
786 2431 945 2480 veniat
958 2466 974 2491 ‚
997 2431 1159 2481 dotata
1178 2447 1244 2480 est
1264 2425 1379 2481 satis.
