<?xml version="1.0" encoding="UTF-8"?>
<!DOCTYPE html PUBLIC "-//W3C//DTD XHTML 1.0 Transitional//EN"
    "http://www.w3.org/TR/xhtml1/DTD/xhtml1-transitional.dtd">
<html xmlns="http://www.w3.org/1999/xhtml" xml:lang="en" lang="en">
 <head>
  <title>
</title>
<meta http-equiv="Content-Type" content="text/html;charset=utf-8" />
  <meta name='ocr-system' content='tesseract 3.04.00' />
  <meta name='ocr-capabilities' content='ocr_page ocr_carea ocr_par ocr_line ocrx_word'/>
</head>
<body>
  <div class='ocr_page' id='page_1' title='image "./comoediaesuperst01plauuoft_0498.png"; bbox 0 0 1650 2826; ppageno 0'>
   <div class='ocr_carea' id='block_1_1' title="bbox 233 208 1514 271">
    <p class='ocr_par' dir='ltr' id='par_1_1' title="bbox 233 208 1514 271">
     <span class='ocr_line' id='line_1_1' title="bbox 233 208 1514 271; baseline 0.002 -15"><span class='ocrx_word' id='word_1_1' title='bbox 233 226 326 271; x_wconf 84' lang='lat'><strong>444</strong></span> <span class='ocrx_word' id='word_1_2' title='bbox 555 208 1162 258; x_wconf 84' lang='lat' dir='ltr'><strong>CAPTEIVEI.</strong></span> <span class='ocrx_word' id='word_1_3' title='bbox 1409 220 1514 260; x_wconf 63' lang='lat' dir='ltr'><strong>val*</strong></span> 
     </span>
    </p>
   </div>
   <div class='ocr_carea' id='block_1_2' title="bbox 613 350 1118 399">
    <p class='ocr_par' dir='ltr' id='par_1_2' title="bbox 613 350 1118 399">
     <span class='ocr_line' id='line_1_2' title="bbox 613 350 1118 399; baseline -0.002 -2"><span class='ocrx_word' id='word_1_4' title='bbox 613 350 942 399; x_wconf 87' lang='lat' dir='ltr'><em>SCENA</em></span> <span class='ocrx_word' id='word_1_5' title='bbox 1016 352 1118 397; x_wconf 89' lang='lat' dir='ltr'><strong>II.</strong></span> 
     </span>
    </p>
   </div>
   <div class='ocr_carea' id='block_1_3' title="bbox 342 495 1382 532">
    <p class='ocr_par' dir='ltr' id='par_1_3' title="bbox 342 495 1382 532">
     <span class='ocr_line' id='line_1_3' title="bbox 342 495 1382 532; baseline 0 -2"><span class='ocrx_word' id='word_1_6' title='bbox 342 495 697 532; x_wconf 80' lang='lat' dir='ltr'><strong><em>HEGIO,</em></strong></span> <span class='ocrx_word' id='word_1_7' title='bbox 762 495 1382 532; x_wconf 81' lang='lat' dir='ltr'><strong><em>ERGASILUS.</em></strong></span> 
     </span>
    </p>
   </div>
   <div class='ocr_carea' id='block_1_4' title="bbox 720 625 1031 660">
    <p class='ocr_par' dir='ltr' id='par_1_4' title="bbox 720 625 1031 660">
     <span class='ocr_line' id='line_1_4' title="bbox 720 625 1031 660; baseline 0 -1"><span class='ocrx_word' id='word_1_8' title='bbox 720 625 1031 660; x_wconf 86' lang='lat' dir='ltr'>HEGIO.</span> 
     </span>
    </p>
   </div>
   <div class='ocr_carea' id='block_1_5' title="bbox 226 697 1508 864">
    <p class='ocr_par' dir='ltr' id='par_1_5' title="bbox 226 697 1508 864">
     <span class='ocr_line' id='line_1_5' title="bbox 226 697 1508 864; baseline -0.001 -56"><span class='ocrx_word' id='word_1_9' title='bbox 226 697 582 864; x_wconf 65' lang='lat' dir='ltr'><strong>QUANTO</strong></span> <span class='ocrx_word' id='word_1_10' title='bbox 618 761 670 806; x_wconf 89' lang='lat' dir='ltr'><strong>in</strong></span> <span class='ocrx_word' id='word_1_11' title='bbox 701 773 894 823; x_wconf 87' lang='lat' dir='ltr'><strong>pectore</strong></span> <span class='ocrx_word' id='word_1_12' title='bbox 931 761 1053 807; x_wconf 90' lang='lat' dir='ltr'><strong>hanc</strong></span> <span class='ocrx_word' id='word_1_13' title='bbox 1084 777 1187 807; x_wconf 83' lang='lat' dir='ltr'><strong>rem</strong></span> <span class='ocrx_word' id='word_1_14' title='bbox 1220 776 1331 806; x_wconf 85' lang='lat' dir='ltr'><strong>meo</strong></span> <span class='ocrx_word' id='word_1_15' title='bbox 1363 761 1508 826; x_wconf 80' lang='lat' dir='ltr'>magis</span> 
     </span>
    </p>
   </div>
   <div class='ocr_carea' id='block_1_6' title="bbox 216 833 1507 1551">
    <p class='ocr_par' dir='ltr' id='par_1_6' title="bbox 216 833 1507 1551">
     <span class='ocr_line' id='line_1_6' title="bbox 478 833 679 888; baseline -0.005 -11"><span class='ocrx_word' id='word_1_16' title='bbox 478 833 647 878; x_wconf 87' lang='lat' dir='ltr'>voluto</span> <span class='ocrx_word' id='word_1_17' title='bbox 666 867 679 888; x_wconf 84' lang='lat'>‚</span> 
     </span>
     <span class='ocr_line' id='line_1_7' title="bbox 223 903 1396 968; baseline 0.004 -18"><span class='ocrx_word' id='word_1_18' title='bbox 223 904 384 950; x_wconf 84' lang='lat' dir='ltr'><strong>Tanto</strong></span> <span class='ocrx_word' id='word_1_19' title='bbox 411 903 527 949; x_wconf 87' lang='lat' dir='ltr'><strong>mihi</strong></span> <span class='ocrx_word' id='word_1_20' title='bbox 560 903 805 968; x_wconf 81' lang='lat' dir='ltr'>aegritudo</span> <span class='ocrx_word' id='word_1_21' title='bbox 833 904 1014 950; x_wconf 85' lang='lat' dir='ltr'>auctior</span> <span class='ocrx_word' id='word_1_22' title='bbox 1039 915 1107 951; x_wconf 88' lang='lat' dir='ltr'><strong>est</strong></span> <span class='ocrx_word' id='word_1_23' title='bbox 1137 906 1188 952; x_wconf 89' lang='lat' dir='ltr'><strong>in</strong></span> <span class='ocrx_word' id='word_1_24' title='bbox 1220 907 1396 954; x_wconf 86' lang='lat' dir='ltr'><strong>animo.</strong></span> 
     </span>
     <span class='ocr_line' id='line_1_8' title="bbox 223 978 1167 1026; baseline 0.001 -2"><span class='ocrx_word' id='word_1_25' title='bbox 223 978 303 1025; x_wconf 91' lang='lat' dir='ltr'><strong>Ad</strong></span> <span class='ocrx_word' id='word_1_26' title='bbox 332 979 470 1023; x_wconf 91' lang='lat' dir='ltr'><strong>illum</strong></span> <span class='ocrx_word' id='word_1_27' title='bbox 501 979 705 1024; x_wconf 86' lang='lat' dir='ltr'>modum</span> <span class='ocrx_word' id='word_1_28' title='bbox 734 978 965 1024; x_wconf 87' lang='lat' dir='ltr'><strong>sublitum</strong></span> <span class='ocrx_word' id='word_1_29' title='bbox 997 995 1047 1024; x_wconf 84' lang='lat' dir='ltr'><strong>os</strong></span> <span class='ocrx_word' id='word_1_30' title='bbox 1074 996 1167 1026; x_wconf 88' lang='lat' dir='ltr'><strong>esse</strong></span> 
     </span>
     <span class='ocr_line' id='line_1_9' title="bbox 223 1051 1328 1114; baseline 0.002 -16"><span class='ocrx_word' id='word_1_31' title='bbox 223 1052 387 1098; x_wconf 84' lang='lat' dir='ltr'>Hodie</span> <span class='ocrx_word' id='word_1_32' title='bbox 414 1052 571 1097; x_wconf 86' lang='lat' dir='ltr'><strong>mihi?</strong></span> <span class='ocrx_word' id='word_1_33' title='bbox 603 1068 763 1111; x_wconf 91' lang='lat' dir='ltr'><strong>neque</strong></span> <span class='ocrx_word' id='word_1_34' title='bbox 791 1051 841 1096; x_wconf 91' lang='lat' dir='ltr'><strong>id</strong></span> <span class='ocrx_word' id='word_1_35' title='bbox 868 1052 1128 1113; x_wconf 64' lang='lat' dir='ltr'><strong>perspicere</strong></span> <span class='ocrx_word' id='word_1_36' title='bbox 1159 1054 1328 1114; x_wconf 87' lang='lat' dir='ltr'><strong>quivi?</strong></span> 
     </span>
     <span class='ocr_line' id='line_1_10' title="bbox 216 1123 1395 1192; baseline 0.004 -24"><span class='ocrx_word' id='word_1_37' title='bbox 216 1123 377 1192; x_wconf 71' lang='lat' dir='ltr'>Quod</span> <span class='ocrx_word' id='word_1_38' title='bbox 406 1140 559 1184; x_wconf 89' lang='lat' dir='ltr'>quom</span> <span class='ocrx_word' id='word_1_39' title='bbox 590 1123 782 1168; x_wconf 83' lang='lat' dir='ltr'><strong>scibitur</strong></span> <span class='ocrx_word' id='word_1_40' title='bbox 800 1157 813 1178; x_wconf 82' lang='grc'><strong>,</strong></span> <span class='ocrx_word' id='word_1_41' title='bbox 839 1139 923 1183; x_wconf 85' lang='lat' dir='ltr'><strong>per</strong></span> <span class='ocrx_word' id='word_1_42' title='bbox 949 1123 1120 1182; x_wconf 81' lang='lat' dir='ltr'><strong>urbem</strong></span> <span class='ocrx_word' id='word_1_43' title='bbox 1141 1125 1395 1172; x_wconf 88' lang='lat' dir='ltr'><strong>inridebor.</strong></span> 
     </span>
     <span class='ocr_line' id='line_1_11' title="bbox 224 1195 1507 1266; baseline 0.004 -24"><span class='ocrx_word' id='word_1_44' title='bbox 224 1195 396 1266; x_wconf 69' lang='lat' dir='ltr'><strong>Quom</strong></span> <span class='ocrx_word' id='word_1_45' title='bbox 430 1198 674 1257; x_wconf 85' lang='lat' dir='ltr'><strong>extemplo</strong></span> <span class='ocrx_word' id='word_1_46' title='bbox 700 1195 761 1241; x_wconf 88' lang='lat' dir='ltr'><strong>ad</strong></span> <span class='ocrx_word' id='word_1_47' title='bbox 784 1195 945 1241; x_wconf 77' lang='lat' dir='ltr'>forum</span> <span class='ocrx_word' id='word_1_48' title='bbox 970 1196 1235 1255; x_wconf 84' lang='lat' dir='ltr'><strong>advenero,</strong></span> <span class='ocrx_word' id='word_1_49' title='bbox 1255 1215 1420 1246; x_wconf 86' lang='lat' dir='ltr'><strong>ornnes</strong></span> <span class='ocrx_word' id='word_1_50' title='bbox 1433 1201 1507 1247; x_wconf 86' lang='lat' dir='ltr'><strong>lo-</strong></span> 
     </span>
     <span class='ocr_line' id='line_1_12' title="bbox 480 1279 717 1330; baseline -0.004 -15"><span class='ocrx_word' id='word_1_51' title='bbox 480 1279 717 1330; x_wconf 83' lang='lat' dir='ltr'><strong>quentur:</strong></span> 
     </span>
     <span class='ocr_line' id='line_1_13' title="bbox 222 1334 1472 1406; baseline 0.003 -17"><span class='ocrx_word' id='word_1_52' title='bbox 222 1341 318 1389; x_wconf 88' lang='lat' dir='ltr'><strong>Hic</strong></span> <span class='ocrx_word' id='word_1_53' title='bbox 338 1344 415 1389; x_wconf 90' lang='lat' dir='ltr'><strong>ille</strong></span> <span class='ocrx_word' id='word_1_54' title='bbox 440 1355 506 1389; x_wconf 88' lang='lat' dir='ltr'><strong>est</strong></span> <span class='ocrx_word' id='word_1_55' title='bbox 527 1360 670 1389; x_wconf 84' lang='lat' dir='ltr'>senex</span> <span class='ocrx_word' id='word_1_56' title='bbox 689 1343 860 1390; x_wconf 91' lang='lat' dir='ltr'><strong>ductus</strong></span> <span class='ocrx_word' id='word_1_57' title='bbox 878 1378 893 1400; x_wconf 90' lang='lat'>‚</span> <span class='ocrx_word' id='word_1_58' title='bbox 915 1345 1035 1406; x_wconf 91' lang='lat' dir='ltr'><strong>quoi</strong></span> <span class='ocrx_word' id='word_1_59' title='bbox 1060 1334 1203 1391; x_wconf 80' lang='lat' dir='ltr'><strong>verba</strong></span> <span class='ocrx_word' id='word_1_60' title='bbox 1220 1344 1326 1392; x_wconf 87' lang='lat' dir='ltr'>data</span> <span class='ocrx_word' id='word_1_61' title='bbox 1347 1357 1472 1393; x_wconf 84' lang='lat' dir='ltr'><strong>sunt.</strong></span> 
     </span>
     <span class='ocr_line' id='line_1_14' title="bbox 222 1411 1405 1478; baseline 0.004 -21"><span class='ocrx_word' id='word_1_62' title='bbox 222 1411 319 1458; x_wconf 87' lang='lat' dir='ltr'><strong>Sed</strong></span> <span class='ocrx_word' id='word_1_63' title='bbox 343 1413 569 1476; x_wconf 86' lang='lat' dir='ltr'><strong>Ergasilus</strong></span> <span class='ocrx_word' id='word_1_64' title='bbox 593 1425 722 1459; x_wconf 87' lang='lat' dir='ltr'><strong>estne</strong></span> <span class='ocrx_word' id='word_1_65' title='bbox 745 1415 845 1471; x_wconf 80' lang='lat' dir='ltr'><strong>hic,</strong></span> <span class='ocrx_word' id='word_1_66' title='bbox 863 1417 1032 1476; x_wconf 84' lang='lat' dir='ltr'><strong>procul</strong></span> <span class='ocrx_word' id='word_1_67' title='bbox 1057 1433 1204 1478; x_wconf 90' lang='lat' dir='ltr'><strong>quem</strong></span> <span class='ocrx_word' id='word_1_68' title='bbox 1227 1416 1405 1463; x_wconf 88' lang='lat' dir='ltr'><strong>video?</strong></span> 
     </span>
     <span class='ocr_line' id='line_1_15' title="bbox 228 1486 1506 1551; baseline 0.004 -19"><span class='ocrx_word' id='word_1_69' title='bbox 228 1486 463 1533; x_wconf 86' lang='lat' dir='ltr'><strong>Conlecto</strong></span> <span class='ocrx_word' id='word_1_70' title='bbox 489 1488 689 1548; x_wconf 88' lang='lat' dir='ltr'><strong>quidem</strong></span> <span class='ocrx_word' id='word_1_71' title='bbox 710 1500 776 1534; x_wconf 88' lang='lat' dir='ltr'><strong>est</strong></span> <span class='ocrx_word' id='word_1_72' title='bbox 794 1490 951 1551; x_wconf 84' lang='lat' dir='ltr'><strong>pallio.</strong></span> <span class='ocrx_word' id='word_1_73' title='bbox 977 1490 1210 1551; x_wconf 85' lang='lat' dir='ltr'><strong>quidnam</strong></span> <span class='ocrx_word' id='word_1_74' title='bbox 1231 1501 1397 1537; x_wconf 73' lang='lat' dir='ltr'>actutu</span> <span class='ocrx_word' id='word_1_75' title='bbox 1415 1491 1469 1536; x_wconf 85' lang='lat' dir='ltr'><strong>&#39;st</strong></span> <span class='ocrx_word' id='word_1_76' title='bbox 1483 1492 1506 1537; x_wconf 85' lang='lat'>?</span> 
     </span>
    </p>
   </div>
   <div class='ocr_carea' id='block_1_7' title="bbox 502 1589 1151 1626">
    <p class='ocr_par' dir='ltr' id='par_1_7' title="bbox 502 1589 1151 1626">
     <span class='ocr_line' id='line_1_16' title="bbox 502 1589 1151 1626; baseline 0.003 -3"><span class='ocrx_word' id='word_1_77' title='bbox 502 1589 509 1595; x_wconf 58' lang='grc'><strong>“</strong></span> <span class='ocrx_word' id='word_1_78' title='bbox 578 1591 1151 1626; x_wconf 85' lang='lat' dir='ltr'>ERGASILUS.</span> 
     </span>
    </p>
   </div>
   <div class='ocr_carea' id='block_1_8' title="bbox 222 1656 1504 2083">
    <p class='ocr_par' dir='ltr' id='par_1_8' title="bbox 223 1656 1504 1795">
     <span class='ocr_line' id='line_1_17' title="bbox 223 1656 1504 1725; baseline -0.001 -19"><span class='ocrx_word' id='word_1_79' title='bbox 223 1659 370 1706; x_wconf 89' lang='lat' dir='ltr'>Move</span> <span class='ocrx_word' id='word_1_80' title='bbox 396 1659 476 1706; x_wconf 88' lang='lat' dir='ltr'><strong>abs</strong></span> <span class='ocrx_word' id='word_1_81' title='bbox 503 1670 552 1704; x_wconf 88' lang='lat' dir='ltr'><strong>te</strong></span> <span class='ocrx_word' id='word_1_82' title='bbox 578 1676 762 1705; x_wconf 83' lang='lat' dir='ltr'>moram</span> <span class='ocrx_word' id='word_1_83' title='bbox 779 1694 793 1717; x_wconf 85' lang='grc'>,</span> <span class='ocrx_word' id='word_1_84' title='bbox 823 1670 969 1720; x_wconf 89' lang='lat' dir='ltr'><strong>atque</strong></span> <span class='ocrx_word' id='word_1_85' title='bbox 987 1694 1001 1718; x_wconf 83' lang='lat'><strong>,</strong></span> <span class='ocrx_word' id='word_1_86' title='bbox 1025 1656 1249 1725; x_wconf 80' lang='lat' dir='ltr'><strong>Ergassse,</strong></span> <span class='ocrx_word' id='word_1_87' title='bbox 1275 1676 1358 1724; x_wconf 86' lang='lat' dir='ltr'><strong>age</strong></span> <span class='ocrx_word' id='word_1_88' title='bbox 1381 1660 1504 1706; x_wconf 87' lang='lat' dir='ltr'><strong>hanc</strong></span> 
     </span>
     <span class='ocr_line' id='line_1_18' title="bbox 477 1749 765 1795; baseline 0 -17"><span class='ocrx_word' id='word_1_89' title='bbox 477 1749 592 1778; x_wconf 79' lang='lat' dir='ltr'><strong>rem.</strong></span> <span class='ocrx_word' id='word_1_90' title='bbox 748 1786 765 1795; x_wconf 62' lang='lat'><em>,</em></span> 
     </span>
    </p>

    <p class='ocr_par' dir='ltr' id='par_1_9' title="bbox 222 1803 1486 1922">
     <span class='ocr_line' id='line_1_19' title="bbox 222 1803 1486 1866; baseline 0 -17"><span class='ocrx_word' id='word_1_91' title='bbox 222 1803 421 1850; x_wconf 87' lang='lat' dir='ltr'><strong>Eminor</strong></span> <span class='ocrx_word' id='word_1_92' title='bbox 461 1805 841 1866; x_wconf 84' lang='lat' dir='ltr'><strong>intermincrque</strong></span> <span class='ocrx_word' id='word_1_93' title='bbox 860 1839 874 1863; x_wconf 86' lang='grc'>,</span> <span class='ocrx_word' id='word_1_94' title='bbox 914 1821 976 1851; x_wconf 92' lang='lat' dir='ltr'><strong>ne</strong></span> <span class='ocrx_word' id='word_1_95' title='bbox 1010 1805 1115 1866; x_wconf 88' lang='lat' dir='ltr'><strong>quis</strong></span> <span class='ocrx_word' id='word_1_96' title='bbox 1149 1804 1219 1850; x_wconf 88' lang='lat' dir='ltr'><strong>mi</strong></span> <span class='ocrx_word' id='word_1_97' title='bbox 1252 1803 1486 1852; x_wconf 83' lang='lat' dir='ltr'><strong>obstiterit</strong></span> 
     </span>
     <span class='ocr_line' id='line_1_20' title="bbox 476 1877 690 1922; baseline 0.005 -1"><span class='ocrx_word' id='word_1_98' title='bbox 476 1877 690 1922; x_wconf 68' lang='lat' dir='ltr'><strong>obviarni</strong></span> 
     </span>
    </p>

    <p class='ocr_par' dir='ltr' id='par_1_10' title="bbox 224 1949 1484 2010">
     <span class='ocr_line' id='line_1_21' title="bbox 224 1949 1484 2010; baseline 0.001 -16"><span class='ocrx_word' id='word_1_99' title='bbox 224 1949 324 1994; x_wconf 88' lang='lat' dir='ltr'><strong>Nisi</strong></span> <span class='ocrx_word' id='word_1_100' title='bbox 356 1949 441 2010; x_wconf 90' lang='lat' dir='ltr'><strong>qui</strong></span> <span class='ocrx_word' id='word_1_101' title='bbox 467 1961 533 1995; x_wconf 87' lang='lat' dir='ltr'><strong>sat</strong></span> <span class='ocrx_word' id='word_1_102' title='bbox 562 1950 645 1995; x_wconf 84' lang='lat' dir='ltr'><strong>diu</strong></span> <span class='ocrx_word' id='word_1_103' title='bbox 672 1950 837 1996; x_wconf 83' lang='lat' dir='ltr'><strong>vixisse</strong></span> <span class='ocrx_word' id='word_1_104' title='bbox 871 1967 964 1996; x_wconf 86' lang='lat' dir='ltr'><strong>sese</strong></span> <span class='ocrx_word' id='word_1_105' title='bbox 989 1951 1141 1998; x_wconf 89' lang='lat' dir='ltr'>homo</span> <span class='ocrx_word' id='word_1_106' title='bbox 1172 1950 1484 1997; x_wconf 82' lang='lat' dir='ltr'>arbitrabitur.</span> 
     </span>
    </p>

    <p class='ocr_par' dir='ltr' id='par_1_11' title="bbox 224 2021 1026 2083">
     <span class='ocr_line' id='line_1_22' title="bbox 224 2021 1026 2083; baseline 0.004 -16"><span class='ocrx_word' id='word_1_107' title='bbox 224 2021 349 2067; x_wconf 85' lang='lat' dir='ltr'><strong>Nam</strong></span> <span class='ocrx_word' id='word_1_108' title='bbox 379 2022 464 2083; x_wconf 89' lang='lat' dir='ltr'><strong>qui</strong></span> <span class='ocrx_word' id='word_1_109' title='bbox 493 2022 750 2081; x_wconf 82' lang='lat' dir='ltr'><strong>obstiterit,</strong></span> <span class='ocrx_word' id='word_1_110' title='bbox 781 2041 860 2070; x_wconf 86' lang='lat' dir='ltr'><strong>ore</strong></span> <span class='ocrx_word' id='word_1_111' title='bbox 887 2024 1026 2070; x_wconf 89' lang='lat' dir='ltr'><strong>sistet.</strong></span> 
     </span>
    </p>
   </div>
   <div class='ocr_carea' id='block_1_9' title="bbox 574 2126 1496 2340">
    <p class='ocr_par' dir='ltr' id='par_1_12' title="bbox 574 2126 1496 2340">
     <span class='ocr_line' id='line_1_23' title="bbox 702 2126 1014 2159; baseline 0 -1"><span class='ocrx_word' id='word_1_112' title='bbox 702 2126 737 2158; x_wconf 84' lang='lat' dir='ltr'>H</span> <span class='ocrx_word' id='word_1_113' title='bbox 773 2127 802 2159; x_wconf 81' lang='grc' dir='ltr'><strong>Ε</strong></span> <span class='ocrx_word' id='word_1_114' title='bbox 841 2126 873 2159; x_wconf 83' lang='lat' dir='ltr'><strong>G</strong></span> <span class='ocrx_word' id='word_1_115' title='bbox 910 2126 930 2158; x_wconf 94' lang='lat'>1</span> <span class='ocrx_word' id='word_1_116' title='bbox 967 2126 1014 2159; x_wconf 92' lang='lat' dir='ltr'><strong>o.</strong></span> 
     </span>
     <span class='ocr_line' id='line_1_24' title="bbox 735 2195 1496 2264; baseline -0.009 -16"><span class='ocrx_word' id='word_1_117' title='bbox 735 2202 828 2248; x_wconf 92' lang='lat' dir='ltr'><strong>Hic</strong></span> <span class='ocrx_word' id='word_1_118' title='bbox 851 2203 1001 2248; x_wconf 92' lang='lat' dir='ltr'>homo</span> <span class='ocrx_word' id='word_1_119' title='bbox 1023 2199 1293 2264; x_wconf 85' lang='lat' dir='ltr'><strong>pugilatum</strong></span> <span class='ocrx_word' id='word_1_120' title='bbox 1318 2195 1496 2256; x_wconf 84' lang='lat' dir='ltr'><strong>incipit.</strong></span> 
     </span>
     <span class='ocr_line' id='line_1_25' title="bbox 574 2301 1140 2340; baseline -0.011 0"><span class='ocrx_word' id='word_1_121' title='bbox 574 2306 605 2339; x_wconf 80' lang='grc' dir='ltr'><strong>Ε</strong></span> <span class='ocrx_word' id='word_1_122' title='bbox 641 2307 674 2340; x_wconf 89' lang='lat' dir='ltr'>R</span> <span class='ocrx_word' id='word_1_123' title='bbox 712 2305 744 2339; x_wconf 89' lang='lat' dir='ltr'>G</span> <span class='ocrx_word' id='word_1_124' title='bbox 780 2306 814 2338; x_wconf 93' lang='lat' dir='ltr'>A</span> <span class='ocrx_word' id='word_1_125' title='bbox 851 2304 873 2338; x_wconf 93' lang='lat' dir='ltr'><strong>S</strong></span> <span class='ocrx_word' id='word_1_126' title='bbox 908 2305 929 2336; x_wconf 94' lang='lat'>1</span> <span class='ocrx_word' id='word_1_127' title='bbox 965 2303 995 2336; x_wconf 92' lang='lat' dir='ltr'>L</span> <span class='ocrx_word' id='word_1_128' title='bbox 1032 2302 1067 2334; x_wconf 91' lang='lat' dir='ltr'>U</span> <span class='ocrx_word' id='word_1_129' title='bbox 1103 2301 1140 2335; x_wconf 88' lang='lat' dir='ltr'><strong>S.</strong></span> 
     </span>
    </p>
   </div>
   <div class='ocr_carea' id='block_1_10' title="bbox 223 2374 1495 2508">
    <p class='ocr_par' dir='ltr' id='par_1_13' title="bbox 223 2374 1495 2508">
     <span class='ocr_line' id='line_1_26' title="bbox 223 2374 1495 2442; baseline -0.002 -20"><span class='ocrx_word' id='word_1_130' title='bbox 223 2377 391 2424; x_wconf 88' lang='lat' dir='ltr'><strong>Facere</strong></span> <span class='ocrx_word' id='word_1_131' title='bbox 423 2389 606 2424; x_wconf 86' lang='lat' dir='ltr'><strong>certum</strong></span> <span class='ocrx_word' id='word_1_132' title='bbox 629 2381 698 2426; x_wconf 84' lang='lat' dir='ltr'><strong>’st.</strong></span> <span class='ocrx_word' id='word_1_133' title='bbox 732 2380 935 2442; x_wconf 86' lang='lat' dir='ltr'><strong>proinde</strong></span> <span class='ocrx_word' id='word_1_134' title='bbox 962 2390 1019 2426; x_wconf 91' lang='lat' dir='ltr'><strong>ut</strong></span> <span class='ocrx_word' id='word_1_135' title='bbox 1047 2393 1212 2426; x_wconf 88' lang='lat' dir='ltr'><strong>omnes</strong></span> <span class='ocrx_word' id='word_1_136' title='bbox 1237 2375 1401 2421; x_wconf 79' lang='lat' dir='ltr'><strong>itineta</strong></span> <span class='ocrx_word' id='word_1_137' title='bbox 1422 2374 1495 2420; x_wconf 89' lang='lat' dir='ltr'><strong>in-</strong></span> 
     </span>
     <span class='ocr_line' id='line_1_27' title="bbox 481 2449 787 2508; baseline 0.007 -14"><span class='ocrx_word' id='word_1_138' title='bbox 481 2449 640 2495; x_wconf 85' lang='lat' dir='ltr'><strong>sistant</strong></span> <span class='ocrx_word' id='word_1_139' title='bbox 674 2467 754 2496; x_wconf 87' lang='lat' dir='ltr'><strong>sua</strong></span> <span class='ocrx_word' id='word_1_140' title='bbox 772 2485 787 2508; x_wconf 85' lang='lat'><strong>,</strong></span> 
     </span>
    </p>
   </div>
   <div class='ocr_carea' id='block_1_11' title="bbox 1640 2259 1650 2571">
    <p class='ocr_par' dir='ltr' id='par_1_14' title="bbox 1640 2094 1650 2571">
     <span class='ocr_line' id='line_1_28' title="bbox 1640 2259 1650 2571; baseline 0 -449"><span class='ocrx_word' id='word_1_141' title='bbox 1640 2259 1650 2571; x_wconf 46' lang='grc' dir='ltr'>Ξ</span> 
     </span>
    </p>
   </div>
  </div>
 </body>
</html>
