1650 2826
84 166 249 282 ,ιη’
364 197 805 251 ΑΕΤΗΞῚΎ.
858 196 965 244 SC.
1022 198 1127 245 IV.
1291 211 1379 256 251

466 305 506 356 ,ς’
528 320 561 354 ‘r
593 321 628 354 R
663 318 695 353 o
731 318 760 351 B
796 318 817 351 1
853 317 883 350 L
921 315 956 349 u
993 316 1031 350 s.

658 395 797 465 Quid
825 393 1061 442 reddam?

557 501 590 535 E
626 499 662 533 U
699 500 726 533 C
761 499 793 533 1.
828 501 850 533 1
886 500 934 533 Ο.

229 565 241 578 '
442 572 448 581 ¹
960 558 1064 606 Ah!
1095 574 1241 623 nugas
1265 557 1356 623 {igis
1373 592 1387 613 ,

111 626 248 677 Cute
267 625 424 674 habes.
495 647 498 649 ·

112 740 135 751 ..
459 712 482 745 s
519 711 551 744 Τ
587 711 621 745 R
658 711 690 744 o
727 711 755 743 Β
792 711 813 742 1
850 710 880 743 1.
917 709 951 741 U
989 710 1028 743 s.

365 760 536 834 Habeo
558 786 679 851 ego?
706 785 827 846 quid
849 784 1002 851 habeo
1017 784 1039 829 ?

566 887 598 920 Ε
635 885 671 918 U
706 886 733 918 c
768 885 799 918 L
834 885 856 917 1
892 886 941 918 ο.

726 961 840 1006 Non
858 959 993 1006 dico:
1018 958 1181 1006 audire
1199 957 1392 1020 expetis.

120 1033 181 1081 Id
202 1050 370 1082 meum
394 1033 637 1097 quidquid
658 1033 826 1090 habes,
843 1032 1003 1079 redde.

475 1138 500 1174 s
533 1139 566 1173 Τ
602 1141 636 1174 R
671 1141 703 1174 o
739 1140 768 1173 Β
802 1139 824 1172 1
859 1139 890 1172 L
926 1138 962 1171 υ
998 1138 1037 1173 s.

783 1213 987 1259 Insanis:
1018 1222 1327 1275 perscrutatus
1353 1225 1399 1254 es

124 1284 236 1330 Tuo
254 1283 482 1330 arbitIatu
495 1318 508 1340 ‚
525 1301 685 1346 neque
702 1287 774 1332 tui
792 1303 871 1332 me
889 1287 1158 1348 quidquam
1180 1282 1399 1332 invenisti

376 1373 534 1420 peries.

577 1442 607 1474 Ε
643 1440 679 1474 U
714 1443 741 1474 c
775 1441 806 1473 L
842 1442 862 1474 1
899 1443 946 1475 ο.

127 1518 295 1575 Mane,
326 1533 497 1563 mane:
531 1516 636 1576 quis
659 1516 752 1562 illic
789 1528 885 1572 est,
911 1517 997 1577 qui
1026 1518 1102 1564 hic
1129 1519 1255 1564 intus
1289 1517 1402 1561 alter

384 1600 479 1634 erat
507 1599 670 1634 tecum
702 1588 880 1633 simul?

129 1661 251 1708 Perii
272 1661 453 1708 hercle!
473 1661 551 1706 ille
568 1677 699 1709 nunc
718 1662 845 1708 intus
863 1663 1047 1710 turbat:
1067 1664 1197 1709 hunc
1215 1663 1252 1707 si
1268 1661 1403 1707 amit-

382 1744 435 1780 to
448 1768 462 1790 ‚
485 1734 562 1779 hic
585 1734 762 1780 abierit.
820 1784 823 1785 ⁷

132 1807 374 1852 Postremo
393 1806 495 1869 jam
519 1806 650 1859 hunc
674 1806 970 1868 perscrutavi.
1001 1806 1078 1851 hic
1099 1805 1219 1851 nihil
1244 1804 1400 1851 habet.

382 1879 487 1936 abi,
511 1896 611 1941 quo
642 1880 791 1926 lubet.

128 1950 349 2012 Juppiter
371 1961 421 1996 te
449 1951 627 2012 Diique
651 1953 863 2014 perdant.

492 2052 515 2086 s
549 2051 582 2084 Τ
617 2053 651 2085 R
685 2053 718 2085 o
755 2053 783 2084 B
817 2052 839 2084 1
873 2052 904 2084 1.
940 2049 976 2082 U
1012 2050 1049 2082 S.
1375 2075 1381 2083 „

795 2127 957 2180 VHaud
975 2127 1098 2173 male
1117 2126 1211 2192 agit
1231 2125 1403 2191 gratias.

124 2263 141 2268 „
583 2227 615 2262 E
651 2226 687 2259 U
722 2227 749 2259 c
783 2226 814 2260 1.
849 2227 871 2259 1
905 2226 954 2259 0.
1032 2216 1035 2220 ’

141 2298 231 2346 Ibo
261 2294 373 2348 hinc
408 2302 559 2357 intro,
583 2311 728 2362 atque
760 2300 829 2345 illi
861 2299 987 2346 socio
1015 2309 1103 2346 tuo
1121 2298 1222 2364 jam
1249 2299 1393 2346 inter-

390 2382 610 2446 stringam
633 2383 806 2445 gulam.

145 2459 307 2525 Fugin’
327 2463 437 2510 hinc
458 2462 518 2510 ab
541 2463 714 2510 oculis?
736 2463 859 2512 abin’
870 2497 887 2525 2
906 2478 967 2510 an
983 2463 1117 2510 non?
