1650 2826
269 203 355 237 m2
572 172 1235 237 AMPHITRUQ
1413 210 1542 255 ψῃ

597 308 1196 348 AMPHITRUO.

612 390 716 438 Duo
742 394 894 439 millia.

670 494 1171 535 JUPPITER.

882 582 1003 627 Oboli
1023 600 1119 630 vero
1145 584 1206 629 bis
1230 582 1419 629 totidem.

761 687 784 721 S
821 689 853 722 O
892 690 914 723 S
950 691 972 723 I
1007 692 1056 725 A.

1368 743 1550 808 Uterque

264 811 369 860 Rem
404 821 518 879 teneg
530 813 671 876 probe.
708 815 825 859 intus
848 817 892 861 in
921 819 1116 864 crumina
1147 818 1346 871 clausum¹
1366 820 1550 864 alterum

498 879 607 932 'esse
639 890 837 951 oportuit.

653 993 1150 1035 JUPPITER.

266 1081 449 1127 Attende
476 1082 535 1126 sis
553 1100 565 1124 :
602 1081 681 1127 lzac
715 1082 920 1134 dextera,
945 1098 995 1131 ut
1025 1088 1165 1135 nosti,
1189 1104 1332 1150 regem
1363 1094 1552 1139 maccavi

520 1155 738 1203 Pterelam
755 1175 773 1204 ‚⁰

265 1229 416 1293 Spolia
439 1229 577 1274 ademi
593 1247 610 1275 ‚·
636 1242 678 1274 et
692 1242 914 1295 pateram,
938 1250 1023 1296 qua
1045 1235 1118 1281 ille
1133 1247 1287 1300 potare
1307 1238 1446 1286 solitu,
1464 1239 1548 1288 'sn

521 1305 565 1348 in
599 1304 766 1350 cistella

263 1374 436 1421 Pertuli
457 1393 469 1418 .·
506 1376 610 1421 dono
647 1380 779 1435 uxori
808 1395 926 1426 meae
951 1380 1076 1430 dedi,
1103 1384 1274 1446 quicum
1296 1383 1416 1430 hodie
1439 1384 1554 1430 domi

519 1448 607 1493 lavi
620 1484 636 1496 ,

263 1520 535 1586 Sacruficavz'
548 1557 562 1569 ,
589 1523 727 1568 cubui.

603 1618 639 1650 A
676 1618 718 1650 M
753 1619 782 1651 P
817 1618 852 1651 H
888 1620 908 1653 I
945 1621 976 1654 T
1011 1623 1044 1655 R
1080 1620 1116 1654 U
1151 1622 1199 1656 Ο.

543 1703 633 1750 Hei
654 1704 762 1749 mihi
776 1706 794 1748 !
816 1706 921 1768 quid
935 1707 1057 1752 audio
1070 1710 1099 1751 ,9
1113 1709 1190 1753 vix
1214 1706 1332 1770 apud
1342 1723 1409 1751 me
1427 1723 1520 1751 sum
1534 1726 1550 1750 .-

263 1772 467 1835 iVigilans
498 1777 647 1838 quippe
679 1775 867 1820 dormio.-
911 1779 1100 1838 vigilans
1132 1775 1319 1825 somnio,
1354 1781 1468 1826 vivos
1508 1791 1551 1824 et

521 1864 652 1892 sanus
675 1859 845 1892 zntereo.

263 1918 356 1981 Ego
384 1920 493 1965 idem
523 1921 597 1967 ille
628 1937 722 1966 sum
751 1921 1033 1985 Amphitruo⁴
1076 1923 1372 1988 Gorgoplzones
1396 1941 1547 1988 nepos,

524 1995 754 2058 imperator
792 1993 1086 2041 Thebanorum

263 2063 323 2112 Et
373 2064 563 2112 Creontis
612 2069 762 2113 unicus
779 2103 793 2115 ,
838 2067 1113 2116 Teleboarum
1149 2070 1384 2134 perduellis
1409 2089 1423 2114 :
1473 2071 1548 2132 qui

517 2142 768 2187 Acarnanes
782 2178 797 2190 ,

264 2210 323 2259 Et
348 2211 530 2275 Taphz'os
551 2216 597 2260 vi
616 2217 724 2262 vici,
750 2227 792 2260 et
812 2199 977 2262 sun'zma
1000 2234 1143 2278 regem
1165 2219 1326 2264 virtute
1349 2215 1508 2261 bellica.

265 2283 408 2329 Illisce
426 2285 623 2348 praefeci
651 2284 905 2351 Cephalum,
930 2291 1082 2350 magni
1107 2288 1292 2355 Dejonei
1303 2287 1469 2351 filium.

661 2390 684 2430 J
721 2390 757 2421 U
791 2391 819 2423 Ρ
855 2392 882 2423 Ρ
919 2392 939 2423 1
977 2392 1007 2423 T
1043 2392 1072 2423 E
1109 2393 1155 2425 R.

262 2461 357 2525 Ego
384 2463 492 2510 idem
521 2464 706 2512 latrones
731 2466 862 2513 hostis
886 2466 988 2514 bello
1014 2477 1057 2534 et
1082 2468 1242 2514 virtute
1272 2467 1455 2514 contudi.
