<?xml version="1.0" encoding="UTF-8"?>
<!DOCTYPE html PUBLIC "-//W3C//DTD XHTML 1.0 Transitional//EN"
    "http://www.w3.org/TR/xhtml1/DTD/xhtml1-transitional.dtd">
<html xmlns="http://www.w3.org/1999/xhtml" xml:lang="en" lang="en">
 <head>
  <title>
</title>
<meta http-equiv="Content-Type" content="text/html;charset=utf-8" />
  <meta name='ocr-system' content='tesseract 3.04.00' />
  <meta name='ocr-capabilities' content='ocr_page ocr_carea ocr_par ocr_line ocrx_word'/>
</head>
<body>
  <div class='ocr_page' id='page_1' title='image "./comoediaesuperst01plauuoft_0525.png"; bbox 0 0 1650 2826; ppageno 0'>
   <div class='ocr_carea' id='block_1_1' title="bbox 359 187 1435 448">
    <p class='ocr_par' dir='ltr' id='par_1_1' title="bbox 359 187 1435 448">
     <span class='ocr_line' id='line_1_1' title="bbox 1345 187 1435 235; baseline -0.044 0"><span class='ocrx_word' id='word_1_1' title='bbox 1345 187 1435 235; x_wconf 77' lang='lat'><em>471</em></span> 
     </span>
     <span class='ocr_line' id='line_1_2' title="bbox 359 282 1246 335; baseline -0.002 0"><span class='ocrx_word' id='word_1_2' title='bbox 359 285 404 334; x_wconf 91' lang='lat' dir='ltr'><strong>A</strong></span> <span class='ocrx_word' id='word_1_3' title='bbox 444 284 489 335; x_wconf 87' lang='lat' dir='ltr'>R</span> <span class='ocrx_word' id='word_1_4' title='bbox 535 283 582 332; x_wconf 90' lang='lat' dir='ltr'>G</span> <span class='ocrx_word' id='word_1_5' title='bbox 635 283 680 332; x_wconf 92' lang='lat' dir='ltr'>U</span> <span class='ocrx_word' id='word_1_6' title='bbox 726 283 780 331; x_wconf 91' lang='lat' dir='ltr'>M</span> <span class='ocrx_word' id='word_1_7' title='bbox 823 283 864 331; x_wconf 93' lang='lat' dir='ltr'>E</span> <span class='ocrx_word' id='word_1_8' title='bbox 911 282 958 330; x_wconf 93' lang='lat' dir='ltr'><strong>N</strong></span> <span class='ocrx_word' id='word_1_9' title='bbox 1001 282 1048 330; x_wconf 95' lang='lat' dir='ltr'>T</span> <span class='ocrx_word' id='word_1_10' title='bbox 1097 283 1142 332; x_wconf 94' lang='lat' dir='ltr'><strong>U</strong></span> <span class='ocrx_word' id='word_1_11' title='bbox 1191 285 1246 333; x_wconf 93' lang='lat' dir='ltr'>M</span> 
     </span>
     <span class='ocr_line' id='line_1_3' title="bbox 460 384 1138 448; baseline -0.003 -15"><span class='ocrx_word' id='word_1_12' title='bbox 460 386 559 448; x_wconf 92' lang='lat' dir='ltr'><em>(Ut</em></span> <span class='ocrx_word' id='word_1_13' title='bbox 597 384 883 447; x_wconf 83' lang='lat' dir='ltr'><em>quibusdam</em></span> <span class='ocrx_word' id='word_1_14' title='bbox 916 384 1138 447; x_wconf 85' lang='lat' dir='ltr'><em>videtur)</em></span> 
     </span>
    </p>
   </div>
   <div class='ocr_carea' id='block_1_2' title="bbox 550 496 1039 539">
    <p class='ocr_par' dir='ltr' id='par_1_2' title="bbox 550 496 1039 539">
     <span class='ocr_line' id='line_1_4' title="bbox 550 496 1039 539; baseline -0.002 0"><span class='ocrx_word' id='word_1_15' title='bbox 550 496 1039 539; x_wconf 89' lang='lat' dir='ltr'>PRISCIANI.</span> 
     </span>
    </p>
   </div>
   <div class='ocr_carea' id='block_1_3' title="bbox 157 601 1367 1028">
    <p class='ocr_par' dir='ltr' id='par_1_3' title="bbox 157 601 1367 1028">
     <span class='ocr_line' id='line_1_5' title="bbox 231 601 1367 670; baseline 0.001 -20"><span class='ocrx_word' id='word_1_16' title='bbox 231 601 591 653; x_wconf 78' lang='lat' dir='ltr'><em>CONSERVAM</em></span> <span class='ocrx_word' id='word_1_17' title='bbox 623 622 799 651; x_wconf 88' lang='lat' dir='ltr'><em>uxorem</em></span> <span class='ocrx_word' id='word_1_18' title='bbox 828 606 1015 652; x_wconf 84' lang='lat' dir='ltr'><em>conservi</em></span> <span class='ocrx_word' id='word_1_19' title='bbox 1044 603 1122 650; x_wconf 88' lang='lat' dir='ltr'><em>duo</em></span> <span class='ocrx_word' id='word_1_20' title='bbox 1150 614 1367 670; x_wconf 82' lang='lat' dir='ltr'><em>expetunt.</em></span> 
     </span>
     <span class='ocr_line' id='line_1_6' title="bbox 161 674 1004 741; baseline -0.001 -18"><span class='ocrx_word' id='word_1_21' title='bbox 161 674 307 724; x_wconf 49' lang='lat' dir='ltr'><em>:Alium</em></span> <span class='ocrx_word' id='word_1_22' title='bbox 339 695 467 724; x_wconf 86' lang='lat' dir='ltr'><em>senex</em></span> <span class='ocrx_word' id='word_1_23' title='bbox 492 679 685 740; x_wconf 85' lang='lat' dir='ltr'><em>allegat,</em></span> <span class='ocrx_word' id='word_1_24' title='bbox 716 678 849 723; x_wconf 84' lang='lat' dir='ltr'><em>alium</em></span> <span class='ocrx_word' id='word_1_25' title='bbox 858 679 1004 741; x_wconf 80' lang='lat' dir='ltr'><em>filius.</em></span> 
     </span>
     <span class='ocr_line' id='line_1_7' title="bbox 161 748 1190 816; baseline -0.002 -20"><span class='ocrx_word' id='word_1_26' title='bbox 161 749 262 796; x_wconf 84' lang='lat' dir='ltr'><em>Sors</em></span> <span class='ocrx_word' id='word_1_27' title='bbox 283 750 463 816; x_wconf 78' lang='lat' dir='ltr'><em>adjuvat</em></span> <span class='ocrx_word' id='word_1_28' title='bbox 481 767 619 795; x_wconf 84' lang='lat' dir='ltr'><em>senem</em></span> <span class='ocrx_word' id='word_1_29' title='bbox 635 768 649 795; x_wconf 84' lang='lat'><em>:</em></span> <span class='ocrx_word' id='word_1_30' title='bbox 670 765 816 796; x_wconf 84' lang='lat' dir='ltr'><em>verum</em></span> <span class='ocrx_word' id='word_1_31' title='bbox 843 749 1051 813; x_wconf 81' lang='lat' dir='ltr'><em>decipitur</em></span> <span class='ocrx_word' id='word_1_32' title='bbox 1071 748 1190 795; x_wconf 87' lang='lat' dir='ltr'><em>dolis.</em></span> 
     </span>
     <span class='ocr_line' id='line_1_8' title="bbox 158 820 1016 887; baseline -0.001 -21"><span class='ocrx_word' id='word_1_33' title='bbox 158 820 234 866; x_wconf 90' lang='lat' dir='ltr'><em>Ita</em></span> <span class='ocrx_word' id='word_1_34' title='bbox 259 823 300 866; x_wconf 85' lang='lat' dir='ltr'><em>ei</em></span> <span class='ocrx_word' id='word_1_35' title='bbox 323 822 547 887; x_wconf 85' lang='lat' dir='ltr'><em>subjicitur</em></span> <span class='ocrx_word' id='word_1_36' title='bbox 564 837 645 886; x_wconf 88' lang='lat' dir='ltr'><em>pro</em></span> <span class='ocrx_word' id='word_1_37' title='bbox 667 821 815 884; x_wconf 88' lang='lat' dir='ltr'><em>puella</em></span> <span class='ocrx_word' id='word_1_38' title='bbox 830 820 1016 867; x_wconf 82' lang='lat' dir='ltr'><em>servolus</em></span> 
     </span>
     <span class='ocr_line' id='line_1_9' title="bbox 158 894 1297 958; baseline -0.002 -17"><span class='ocrx_word' id='word_1_39' title='bbox 158 894 380 958; x_wconf 82' lang='lat' dir='ltr'><em>Nequam,</em></span> <span class='ocrx_word' id='word_1_40' title='bbox 403 898 477 958; x_wconf 89' lang='lat' dir='ltr'><em>qui</em></span> <span class='ocrx_word' id='word_1_41' title='bbox 505 894 717 941; x_wconf 84' lang='lat' dir='ltr'><em>dominum</em></span> <span class='ocrx_word' id='word_1_42' title='bbox 749 895 913 940; x_wconf 80' lang='lat' dir='ltr'><em>multat</em></span> <span class='ocrx_word' id='word_1_43' title='bbox 942 906 1067 956; x_wconf 87' lang='lat' dir='ltr'><em>atque</em></span> <span class='ocrx_word' id='word_1_44' title='bbox 1092 894 1297 940; x_wconf 79' lang='lat' dir='ltr'><em>villicum.</em></span> 
     </span>
     <span class='ocr_line' id='line_1_10' title="bbox 157 966 1197 1028; baseline -0.002 -14"><span class='ocrx_word' id='word_1_45' title='bbox 157 968 405 1015; x_wconf 82' lang='lat' dir='ltr'><em>Adolescens</em></span> <span class='ocrx_word' id='word_1_46' title='bbox 434 969 553 1014; x_wconf 83' lang='lat' dir='ltr'><em>ducit</em></span> <span class='ocrx_word' id='word_1_47' title='bbox 579 970 709 1015; x_wconf 83' lang='lat' dir='ltr'><em>civem</em></span> <span class='ocrx_word' id='word_1_48' title='bbox 741 966 942 1014; x_wconf 86' lang='lat' dir='ltr'><em>Casinam</em></span> <span class='ocrx_word' id='word_1_49' title='bbox 968 969 1197 1028; x_wconf 81' lang='lat' dir='ltr'><strong><em>cognitam.</em></strong></span> 
     </span>
    </p>
   </div>
   <div class='ocr_carea' id='block_1_4' title="bbox 218 1093 1364 1258">
    <p class='ocr_par' dir='ltr' id='par_1_4' title="bbox 218 1093 1364 1258">
     <span class='ocr_line' id='line_1_11' title="bbox 218 1093 1364 1143; baseline -0.001 -1"><span class='ocrx_word' id='word_1_50' title='bbox 218 1094 545 1143; x_wconf 90' lang='lat' dir='ltr'>ALIUD</span> <span class='ocrx_word' id='word_1_51' title='bbox 620 1093 1364 1143; x_wconf 87' lang='lat' dir='ltr'><strong>ARGUMENTUM</strong></span> 
     </span>
     <span class='ocr_line' id='line_1_12' title="bbox 518 1199 1053 1258; baseline -0.002 0"><span class='ocrx_word' id='word_1_52' title='bbox 518 1199 1053 1258; x_wconf 62' lang='lat' dir='ltr'>CAMERAntn</span> 
     </span>
    </p>
   </div>
   <div class='ocr_carea' id='block_1_5' title="bbox 117 1319 1425 2536">
    <p class='ocr_par' dir='ltr' id='par_1_5' title="bbox 117 1319 1425 2465">
     <span class='ocr_line' id='line_1_13' title="bbox 221 1319 1425 1384; baseline 0 -16"><span class='ocrx_word' id='word_1_53' title='bbox 221 1319 279 1367; x_wconf 89' lang='lat' dir='ltr'><em>H</em></span> <span class='ocrx_word' id='word_1_54' title='bbox 286 1327 459 1375; x_wconf 78' lang='lat' dir='ltr'><em>UJUS</em></span> <span class='ocrx_word' id='word_1_55' title='bbox 487 1319 678 1366; x_wconf 85' lang='lat' dir='ltr'><em>Fabulae</em></span> <span class='ocrx_word' id='word_1_56' title='bbox 703 1332 1028 1381; x_wconf 78' lang='lat' dir='ltr'><em>argumentum,</em></span> <span class='ocrx_word' id='word_1_57' title='bbox 1056 1332 1106 1365; x_wconf 92' lang='lat' dir='ltr'><em>ut</em></span> <span class='ocrx_word' id='word_1_58' title='bbox 1135 1332 1198 1365; x_wconf 89' lang='lat' dir='ltr'><em>est</em></span> <span class='ocrx_word' id='word_1_59' title='bbox 1211 1321 1425 1384; x_wconf 82' lang='lat' dir='ltr'><em>festivum</em></span> 
     </span>
     <span class='ocr_line' id='line_1_14' title="bbox 159 1393 1424 1457; baseline -0.002 -17"><span class='ocrx_word' id='word_1_60' title='bbox 159 1405 285 1457; x_wconf 87' lang='lat' dir='ltr'><em>atque</em></span> <span class='ocrx_word' id='word_1_61' title='bbox 302 1394 477 1440; x_wconf 82' lang='lat' dir='ltr'><em>bellum,</em></span> <span class='ocrx_word' id='word_1_62' title='bbox 497 1395 561 1438; x_wconf 87' lang='lat' dir='ltr'><em>ita</em></span> <span class='ocrx_word' id='word_1_63' title='bbox 583 1393 806 1438; x_wconf 85' lang='lat' dir='ltr'><em>admodum</em></span> <span class='ocrx_word' id='word_1_64' title='bbox 825 1394 954 1437; x_wconf 87' lang='lat' dir='ltr'><em>etiam</em></span> <span class='ocrx_word' id='word_1_65' title='bbox 973 1403 1092 1455; x_wconf 83' lang='lat' dir='ltr'><em>turpe</em></span> <span class='ocrx_word' id='word_1_66' title='bbox 1110 1404 1151 1437; x_wconf 91' lang='lat' dir='ltr'><em>et</em></span> <span class='ocrx_word' id='word_1_67' title='bbox 1167 1393 1424 1438; x_wconf 89' lang='lat' dir='ltr'><em>obscoenum.</em></span> 
     </span>
     <span class='ocr_line' id='line_1_15' title="bbox 156 1465 1425 1529; baseline -0.002 -17"><span class='ocrx_word' id='word_1_68' title='bbox 156 1467 296 1529; x_wconf 81' lang='lat' dir='ltr'><em>Atque</em></span> <span class='ocrx_word' id='word_1_69' title='bbox 321 1468 515 1512; x_wconf 84' lang='lat' dir='ltr'><em>existimo</em></span> <span class='ocrx_word' id='word_1_70' title='bbox 543 1466 646 1513; x_wconf 87' lang='lat' dir='ltr'><em>illa,</em></span> <span class='ocrx_word' id='word_1_71' title='bbox 669 1482 775 1528; x_wconf 90' lang='lat' dir='ltr'><em>quae</em></span> <span class='ocrx_word' id='word_1_72' title='bbox 793 1467 837 1510; x_wconf 86' lang='lat' dir='ltr'><em>in</em></span> <span class='ocrx_word' id='word_1_73' title='bbox 860 1476 1001 1511; x_wconf 90' lang='lat' dir='ltr'><em>nostro</em></span> <span class='ocrx_word' id='word_1_74' title='bbox 1021 1465 1125 1510; x_wconf 88' lang='lat' dir='ltr'><em>libro</em></span> <span class='ocrx_word' id='word_1_75' title='bbox 1145 1467 1279 1511; x_wconf 82' lang='lat' dir='ltr'><em>veteri</em></span> <span class='ocrx_word' id='word_1_76' title='bbox 1300 1467 1425 1511; x_wconf 80' lang='lat' dir='ltr'><em>omis-</em></span> 
     </span>
     <span class='ocr_line' id='line_1_16' title="bbox 117 1536 1425 1600; baseline -0.002 -18"><span class='ocrx_word' id='word_1_77' title='bbox 117 1572 120 1575; x_wconf 80' lang='lat'>·</span> <span class='ocrx_word' id='word_1_78' title='bbox 154 1554 206 1582; x_wconf 91' lang='lat' dir='ltr'><em>sa</em></span> <span class='ocrx_word' id='word_1_79' title='bbox 220 1538 413 1600; x_wconf 89' lang='lat' dir='ltr'><em>plurima</em></span> <span class='ocrx_word' id='word_1_80' title='bbox 433 1536 742 1584; x_wconf 76' lang='lat' dir='ltr'><em>animadverti,</em></span> <span class='ocrx_word' id='word_1_81' title='bbox 763 1537 926 1581; x_wconf 85' lang='lat' dir='ltr'><em>relictis</em></span> <span class='ocrx_word' id='word_1_82' title='bbox 944 1536 1137 1600; x_wconf 84' lang='lat' dir='ltr'><em>spatiolis</em></span> <span class='ocrx_word' id='word_1_83' title='bbox 1151 1539 1314 1599; x_wconf 83' lang='lat' dir='ltr'><em>passim</em></span> <span class='ocrx_word' id='word_1_84' title='bbox 1329 1539 1425 1598; x_wconf 87' lang='lat' dir='ltr'><em>qui-</em></span> 
     </span>
     <span class='ocr_line' id='line_1_17' title="bbox 159 1607 1422 1672; baseline -0.001 -19"><span class='ocrx_word' id='word_1_85' title='bbox 159 1609 358 1658; x_wconf 84' lang='lat' dir='ltr'><em>busdam,</em></span> <span class='ocrx_word' id='word_1_86' title='bbox 390 1609 501 1672; x_wconf 76' lang='lat' dir='ltr'><em>quod</em></span> <span class='ocrx_word' id='word_1_87' title='bbox 525 1625 606 1655; x_wconf 89' lang='lat' dir='ltr'><em>non</em></span> <span class='ocrx_word' id='word_1_88' title='bbox 628 1608 808 1672; x_wconf 85' lang='lat' dir='ltr'><em>ferrent</em></span> <span class='ocrx_word' id='word_1_89' title='bbox 827 1625 951 1654; x_wconf 90' lang='lat' dir='ltr'><em>aures</em></span> <span class='ocrx_word' id='word_1_90' title='bbox 963 1610 1094 1672; x_wconf 85' lang='lat' dir='ltr'><em>piae,</em></span> <span class='ocrx_word' id='word_1_91' title='bbox 1119 1607 1209 1652; x_wconf 87' lang='lat' dir='ltr'><em>ideo</em></span> <span class='ocrx_word' id='word_1_92' title='bbox 1237 1619 1422 1653; x_wconf 86' lang='lat' dir='ltr'><em>exarata</em></span> 
     </span>
     <span class='ocr_line' id='line_1_18' title="bbox 154 1681 1423 1745; baseline -0.001 -19"><span class='ocrx_word' id='word_1_93' title='bbox 154 1698 236 1726; x_wconf 85' lang='lat' dir='ltr'><em>non</em></span> <span class='ocrx_word' id='word_1_94' title='bbox 247 1681 416 1744; x_wconf 86' lang='lat' dir='ltr'><em>fuisse,</em></span> <span class='ocrx_word' id='word_1_95' title='bbox 441 1693 519 1726; x_wconf 91' lang='lat' dir='ltr'><em>etc.</em></span> <span class='ocrx_word' id='word_1_96' title='bbox 550 1681 636 1726; x_wconf 87' lang='lat' dir='ltr'><em>Sed</em></span> <span class='ocrx_word' id='word_1_97' title='bbox 655 1682 706 1726; x_wconf 86' lang='lat' dir='ltr'><em>ab</em></span> <span class='ocrx_word' id='word_1_98' title='bbox 728 1681 807 1726; x_wconf 81' lang='lat' dir='ltr'><em>lzac</em></span> <span class='ocrx_word' id='word_1_99' title='bbox 827 1682 1037 1745; x_wconf 84' lang='lat' dir='ltr'><em>spurcitia</em></span> <span class='ocrx_word' id='word_1_100' title='bbox 1061 1691 1302 1727; x_wconf 80' lang='lat' dir='ltr'><em>avertamus</em></span> <span class='ocrx_word' id='word_1_101' title='bbox 1325 1697 1423 1725; x_wconf 90' lang='lat' dir='ltr'><em>ocu-</em></span> 
     </span>
     <span class='ocr_line' id='line_1_19' title="bbox 156 1753 1425 1816; baseline 0 -18"><span class='ocrx_word' id='word_1_102' title='bbox 156 1754 218 1798; x_wconf 90' lang='lat' dir='ltr'><em>los</em></span> <span class='ocrx_word' id='word_1_103' title='bbox 247 1765 289 1798; x_wconf 91' lang='lat' dir='ltr'><em>et</em></span> <span class='ocrx_word' id='word_1_104' title='bbox 316 1765 474 1799; x_wconf 88' lang='lat' dir='ltr'><em>mentes</em></span> <span class='ocrx_word' id='word_1_105' title='bbox 505 1765 700 1801; x_wconf 87' lang='lat' dir='ltr'><em>nostras,</em></span> <span class='ocrx_word' id='word_1_106' title='bbox 734 1765 777 1799; x_wconf 87' lang='lat' dir='ltr'><em>et</em></span> <span class='ocrx_word' id='word_1_107' title='bbox 809 1754 938 1811; x_wconf 72' lang='lat' dir='ltr'><em>utilia</em></span> <span class='ocrx_word' id='word_1_108' title='bbox 972 1764 1096 1816; x_wconf 87' lang='lat' dir='ltr'><em>atque</em></span> <span class='ocrx_word' id='word_1_109' title='bbox 1129 1753 1263 1801; x_wconf 85' lang='lat' dir='ltr'><em>bona,</em></span> <span class='ocrx_word' id='word_1_110' title='bbox 1299 1756 1425 1816; x_wconf 80' lang='lat' dir='ltr'><em>quasi</em></span> 
     </span>
     <span class='ocr_line' id='line_1_20' title="bbox 154 1825 1422 1889; baseline -0.001 -19"><span class='ocrx_word' id='word_1_111' title='bbox 154 1827 420 1886; x_wconf 81' lang='lat' dir='ltr'><em>margaritas</em></span> <span class='ocrx_word' id='word_1_112' title='bbox 445 1826 494 1872; x_wconf 90' lang='lat' dir='ltr'><em>de</em></span> <span class='ocrx_word' id='word_1_113' title='bbox 521 1838 702 1872; x_wconf 89' lang='lat' dir='ltr'><em>stercore</em></span> <span class='ocrx_word' id='word_1_114' title='bbox 718 1861 733 1874; x_wconf 89' lang='lat'><em>,</em></span> <span class='ocrx_word' id='word_1_115' title='bbox 766 1826 957 1886; x_wconf 86' lang='lat' dir='ltr'><em>legamus</em></span> <span class='ocrx_word' id='word_1_116' title='bbox 983 1842 1004 1870; x_wconf 88' lang='lat' dir='ltr'><em>e</em></span> <span class='ocrx_word' id='word_1_117' title='bbox 1032 1825 1190 1870; x_wconf 82' lang='lat' dir='ltr'><em>talibus</em></span> <span class='ocrx_word' id='word_1_118' title='bbox 1217 1827 1388 1889; x_wconf 86' lang='lat' dir='ltr'><em>scriptis</em></span> <span class='ocrx_word' id='word_1_119' title='bbox 1404 1845 1422 1870; x_wconf 83' lang='lat'><em>.-</em></span> 
     </span>
     <span class='ocr_line' id='line_1_21' title="bbox 152 1899 1422 1963; baseline -0.002 -19"><span class='ocrx_word' id='word_1_120' title='bbox 152 1915 259 1963; x_wconf 87' lang='lat' dir='ltr'><em>quae</em></span> <span class='ocrx_word' id='word_1_121' title='bbox 286 1901 424 1944; x_wconf 86' lang='lat' dir='ltr'><em>satius</em></span> <span class='ocrx_word' id='word_1_122' title='bbox 447 1911 540 1945; x_wconf 88' lang='lat' dir='ltr'><em>erat</em></span> <span class='ocrx_word' id='word_1_123' title='bbox 567 1916 793 1961; x_wconf 84' lang='lat' dir='ltr'><em>numquam</em></span> <span class='ocrx_word' id='word_1_124' title='bbox 815 1900 992 1962; x_wconf 78' lang='lat' dir='ltr'><em>inspici,</em></span> <span class='ocrx_word' id='word_1_125' title='bbox 1019 1915 1145 1960; x_wconf 89' lang='lat' dir='ltr'><em>quam</em></span> <span class='ocrx_word' id='word_1_126' title='bbox 1175 1899 1333 1942; x_wconf 87' lang='lat' dir='ltr'><em>instrui</em></span> <span class='ocrx_word' id='word_1_127' title='bbox 1355 1899 1422 1942; x_wconf 77' lang='lat' dir='ltr'><em>his</em></span> 
     </span>
     <span class='ocr_line' id='line_1_22' title="bbox 154 1970 1420 2016; baseline 0.001 -1"><span class='ocrx_word' id='word_1_128' title='bbox 154 1972 369 2016; x_wconf 81' lang='lat' dir='ltr'><em>levitatem</em></span> <span class='ocrx_word' id='word_1_129' title='bbox 388 1982 430 2015; x_wconf 83' lang='lat' dir='ltr'><em>et</em></span> <span class='ocrx_word' id='word_1_130' title='bbox 449 1970 660 2016; x_wconf 85' lang='lat' dir='ltr'><em>libidinem</em></span> <span class='ocrx_word' id='word_1_131' title='bbox 684 1973 930 2016; x_wconf 86' lang='lat' dir='ltr'><em>animorum.</em></span> <span class='ocrx_word' id='word_1_132' title='bbox 959 1979 1189 2016; x_wconf 85' lang='lat' dir='ltr'><em>INTROD</em></span> <span class='ocrx_word' id='word_1_133' title='bbox 1199 1980 1420 2016; x_wconf 79' lang='lat' dir='ltr'><strong><em>UCITUR</em></strong></span> 
     </span>
     <span class='ocr_line' id='line_1_23' title="bbox 153 2039 1421 2104; baseline 0 -18"><span class='ocrx_word' id='word_1_134' title='bbox 153 2042 325 2104; x_wconf 86' lang='lat' dir='ltr'><em>quidam</em></span> <span class='ocrx_word' id='word_1_135' title='bbox 339 2042 545 2086; x_wconf 87' lang='lat' dir='ltr'><em>ridiculus</em></span> <span class='ocrx_word' id='word_1_136' title='bbox 560 2053 727 2086; x_wconf 89' lang='lat' dir='ltr'><em>amator</em></span> <span class='ocrx_word' id='word_1_137' title='bbox 742 2042 903 2088; x_wconf 84' lang='lat' dir='ltr'><em>Senex,</em></span> <span class='ocrx_word' id='word_1_138' title='bbox 925 2051 967 2085; x_wconf 86' lang='lat' dir='ltr'><em>et</em></span> <span class='ocrx_word' id='word_1_139' title='bbox 983 2040 1101 2085; x_wconf 86' lang='lat' dir='ltr'><em>illius</em></span> <span class='ocrx_word' id='word_1_140' title='bbox 1121 2039 1290 2085; x_wconf 89' lang='lat' dir='ltr'><em>Sodalis</em></span> <span class='ocrx_word' id='word_1_141' title='bbox 1312 2058 1421 2102; x_wconf 89' lang='lat' dir='ltr'><em>qua-</em></span> 
     </span>
     <span class='ocr_line' id='line_1_24' title="bbox 150 2111 1419 2178; baseline -0.001 -19"><span class='ocrx_word' id='word_1_142' title='bbox 150 2116 192 2159; x_wconf 87' lang='lat' dir='ltr'><em>si</em></span> <span class='ocrx_word' id='word_1_143' title='bbox 205 2126 391 2178; x_wconf 85' lang='lat' dir='ltr'><em>receptor</em></span> <span class='ocrx_word' id='word_1_144' title='bbox 394 2113 615 2175; x_wconf 83' lang='lat' dir='ltr'><em>flagitiosi</em></span> <span class='ocrx_word' id='word_1_145' title='bbox 625 2115 768 2160; x_wconf 82' lang='lat' dir='ltr'><em>vicini.</em></span> <span class='ocrx_word' id='word_1_146' title='bbox 791 2112 958 2158; x_wconf 89' lang='lat' dir='ltr'><em>Horum</em></span> <span class='ocrx_word' id='word_1_147' title='bbox 964 2111 1174 2174; x_wconf 89' lang='lat' dir='ltr'><em>facinora</em></span> <span class='ocrx_word' id='word_1_148' title='bbox 1193 2111 1419 2175; x_wconf 79' lang='lat' dir='ltr'><em>deprehen-</em></span> 
     </span>
     <span class='ocr_line' id='line_1_25' title="bbox 153 2183 1418 2241; baseline -0.001 -10"><span class='ocrx_word' id='word_1_149' title='bbox 153 2186 315 2231; x_wconf 90' lang='lat' dir='ltr'><em>duntur</em></span> <span class='ocrx_word' id='word_1_150' title='bbox 340 2204 368 2231; x_wconf 91' lang='lat' dir='ltr'><em>a</em></span> <span class='ocrx_word' id='word_1_151' title='bbox 388 2186 633 2231; x_wconf 84' lang='lat' dir='ltr'><em>mulieribus</em></span> <span class='ocrx_word' id='word_1_152' title='bbox 649 2220 666 2233; x_wconf 84' lang='lat'><em>,</em></span> <span class='ocrx_word' id='word_1_153' title='bbox 685 2196 727 2230; x_wconf 89' lang='lat' dir='ltr'><em>et</em></span> <span class='ocrx_word' id='word_1_154' title='bbox 748 2186 866 2231; x_wconf 82' lang='lat' dir='ltr'><em>varie</em></span> <span class='ocrx_word' id='word_1_155' title='bbox 884 2183 1060 2229; x_wconf 85' lang='lat' dir='ltr'><em>Senibus</em></span> <span class='ocrx_word' id='word_1_156' title='bbox 1077 2183 1288 2229; x_wconf 88' lang='lat' dir='ltr'><em>illuditur.</em></span> <span class='ocrx_word' id='word_1_157' title='bbox 1308 2183 1418 2241; x_wconf 77' lang='lat' dir='ltr'><em>Sor-</em></span> 
     </span>
     <span class='ocr_line' id='line_1_26' title="bbox 152 2255 1418 2319; baseline 0.001 -18"><span class='ocrx_word' id='word_1_158' title='bbox 152 2257 259 2302; x_wconf 89' lang='lat' dir='ltr'><em>titio</em></span> <span class='ocrx_word' id='word_1_159' title='bbox 282 2260 410 2302; x_wconf 88' lang='lat' dir='ltr'><em>etiam</em></span> <span class='ocrx_word' id='word_1_160' title='bbox 434 2260 570 2306; x_wconf 82' lang='lat' dir='ltr'><em>inest,</em></span> <span class='ocrx_word' id='word_1_161' title='bbox 593 2268 642 2302; x_wconf 91' lang='lat' dir='ltr'><em>ut</em></span> <span class='ocrx_word' id='word_1_162' title='bbox 667 2259 710 2302; x_wconf 84' lang='lat' dir='ltr'><em>in</em></span> <span class='ocrx_word' id='word_1_163' title='bbox 734 2255 902 2301; x_wconf 86' lang='lat' dir='ltr'><em>Graeca</em></span> <span class='ocrx_word' id='word_1_164' title='bbox 914 2255 1059 2319; x_wconf 84' lang='lat' dir='ltr'><em>fuisse</em></span> <span class='ocrx_word' id='word_1_165' title='bbox 1079 2267 1254 2319; x_wconf 86' lang='lat' dir='ltr'><em>apparet</em></span> <span class='ocrx_word' id='word_1_166' title='bbox 1272 2256 1321 2301; x_wconf 88' lang='lat' dir='ltr'><em>de</em></span> <span class='ocrx_word' id='word_1_167' title='bbox 1341 2274 1418 2302; x_wconf 88' lang='lat' dir='ltr'><em>no-</em></span> 
     </span>
     <span class='ocr_line' id='line_1_27' title="bbox 150 2328 1414 2392; baseline 0 -19"><span class='ocrx_word' id='word_1_168' title='bbox 150 2330 273 2376; x_wconf 86' lang='lat' dir='ltr'><em>mine.</em></span> <span class='ocrx_word' id='word_1_169' title='bbox 294 2347 394 2376; x_wconf 86' lang='lat' dir='ltr'><em>nam</em></span> <span class='ocrx_word' id='word_1_170' title='bbox 422 2330 698 2389; x_wconf 71' lang='grc' dir='ltr'>Κληρουμένην</span> <span class='ocrx_word' id='word_1_171' title='bbox 726 2329 848 2374; x_wconf 88' lang='lat' dir='ltr'><em>illam</em></span> <span class='ocrx_word' id='word_1_172' title='bbox 878 2329 1132 2392; x_wconf 90' lang='lat' dir='ltr'><em>appellatam</em></span> <span class='ocrx_word' id='word_1_173' title='bbox 1161 2331 1205 2374; x_wconf 89' lang='lat' dir='ltr'><em>in</em></span> <span class='ocrx_word' id='word_1_174' title='bbox 1233 2328 1414 2390; x_wconf 84' lang='lat' dir='ltr'><em>Prologo</em></span> 
     </span>
     <span class='ocr_line' id='line_1_28' title="bbox 147 2398 1344 2465; baseline 0.001 -21"><span class='ocrx_word' id='word_1_175' title='bbox 147 2398 332 2450; x_wconf 85' lang='lat' dir='ltr'><em>dicitur,</em></span> <span class='ocrx_word' id='word_1_176' title='bbox 349 2403 549 2449; x_wconf 83' lang='lat' dir='ltr'><em>nimirum</em></span> <span class='ocrx_word' id='word_1_177' title='bbox 572 2401 620 2449; x_wconf 80' lang='lat' dir='ltr'><em>de</em></span> <span class='ocrx_word' id='word_1_178' title='bbox 640 2402 807 2465; x_wconf 86' lang='lat' dir='ltr'><em>aliqua,</em></span> <span class='ocrx_word' id='word_1_179' title='bbox 826 2418 910 2464; x_wconf 85' lang='lat' dir='ltr'><em>qua</em></span> <span class='ocrx_word' id='word_1_180' title='bbox 940 2401 988 2449; x_wconf 87' lang='lat' dir='ltr'><em>de</em></span> <span class='ocrx_word' id='word_1_181' title='bbox 1012 2403 1179 2448; x_wconf 85' lang='lat' dir='ltr'><em>sortitio</em></span> <span class='ocrx_word' id='word_1_182' title='bbox 1197 2405 1344 2465; x_wconf 86' lang='lat' dir='ltr'><em>fieret.</em></span> 
     </span>
    </p>

    <p class='ocr_par' dir='ltr' id='par_1_6' title="bbox 1045 2473 1199 2536">
     <span class='ocr_line' id='line_1_29' title="bbox 1045 2473 1199 2536; baseline -0.032 0"><span class='ocrx_word' id='word_1_183' title='bbox 1045 2473 1199 2536; x_wconf 77' lang='lat' dir='ltr'><em>Gg4</em></span> 
     </span>
    </p>
   </div>
  </div>
 </body>
</html>
