1650 2826
154 236 272 280 v.25
459 214 744 264 ACTUS
796 214 872 259 II.
930 213 1037 259 SC.
1092 214 1166 259 ΙΙ.
1337 231 1424 277 139

155 329 292 400 Quin
311 344 397 394 ego
424 327 546 372 hanc
565 324 715 388 jubeo
741 334 891 368 tacete
906 356 920 379 ,
942 338 1065 382 quae
1085 323 1289 382 loquens
1306 323 1426 368 lace-

401 411 472 447 1at
501 398 628 444 diem
641 398 663 443 Ξ)

567 506 597 539 L
634 506 653 538 I
691 505 719 538 B
756 505 790 538 A
826 507 859 538 N
896 503 931 536 U
968 504 1006 538 S.

154 582 338 644 Edepol
363 580 611 627 hominem
643 578 881 624 infelicem
899 612 911 634 ‚
933 578 1019 639 qui
1047 587 1295 638 patronam
1313 593 1428 624 con-

455 654 465 662 ·
586 653 595 682 ι

155 728 276 786 Nam
303 728 339 773 si
372 664 715 789 qlggntzgleste
752 723 862 771 fecit
880 759 893 780 ‚
929 724 1089 788 lingua
1125 740 1213 785 pro
1241 724 1322 769 illo
1348 739 1429 784 pe-

394 809 527 863 Jerat.

557 895 1005 931 LEONIDA.

155 973 520 1038 Approperab0‚
554 991 615 1021 ne
650 986 757 1035 post
799 986 986 1035 tempus
1024 972 1223 1036 praedae
1263 949 1430 1036 praesiss

404 1047 542 1106 dium
577 1064 752 1108 parem.

567 1151 1005 1185 LIBANUS.

142 1227 292 1298 *Quae
318 1229 451 1274 illaec
466 1228 637 1288 praeda
655 1229 743 1273 ’sti'
763 1228 842 1274 ibo
871 1228 1123 1274 advorsum
1136 1264 1150 1286 ,
1172 1240 1317 1290 atque
1340 1230 1429 1275 ele—

406 1300 543 1345 ctabo
581 1300 822 1360 quidquid
852 1312 930 1344 est.

152 1370 309 1432 Jubeo
343 1382 391 1416 te
422 1373 592 1417 salvere
618 1387 737 1418 voce
771 1389 956 1418 summa
970 1407 984 1430 ,
1015 1375 1177 1435 quoad
1208 1375 1325 1421 vires
1349 1393 1449 1426 va-,

418 1445 532 1488 lent.

551 1537 581 1568 Ι.
618 1538 646 1569 E
683 1539 714 1570 o
752 1540 785 1571 N
822 1539 842 1570 Ι
878 1540 912 1572 D
946 1539 995 1572 A.

163 1606 476 1669 Gymnasium
505 1607 632 1671 flagri
650 1643 663 1664 ‚
693 1611 881 1658 salveto.
992 1662 997 1664 ‚

574 1711 605 1747 Ι.
640 1712 662 1744 1
697 1713 725 1744 13
761 1712 795 1746 A
831 1714 865 1746 N
901 1714 936 1746 U
973 1713 1009 1747 s.

703 1789 838 1858 Quid
869 1791 960 1854 agis
977 1826 991 1847 ,
1023 1802 1176 1838 custos
1204 1792 1425 1840 carceris?

564 1885 595 1919 Ι,
631 1885 660 1917 E
697 1885 729 1917 o
767 1888 799 1920 N
835 1888 855 1920 1
890 1888 927 1921 D
962 1888 1011 1921 A.

163 1955 211 2001 Ο
242 1965 508 2003 catenarum
541 1956 730 2002 colone!

574 2060 605 2092 1.
640 2061 660 2092 1
696 2061 724 2091 B
758 2060 793 2093 A
830 2063 862 2094 N
900 2063 934 2094 U
971 2063 1008 2097 s.

748 2136 796 2181 O
828 2137 1063 2200 virgarum
1088 2139 1297 2187 lascivia!

563 2236 594 2270 1.
628 2237 659 2269 Ε
695 2238 727 2271 o
762 2239 795 2271 N
831 2239 850 2270 1
886 2240 921 2272 D
957 2241 1004 2273 A.

134 2305 300 2376 ,Quot
318 2308 486 2371 pondo
502 2310 585 2357 ted
602 2327 692 2357 esse
716 2328 869 2358 censes
886 2314 1075 2360 nudum
1088 2315 1174 2385 Ρ.

576 2421 607 2454 L
642 2422 663 2454 1
698 2422 726 2454 B
760 2422 794 2455 A
827 2402 881 2456 ff
902 2423 938 2456 u
973 2423 1010 2457 S.

653 2496 656 2500 ’
983 2501 1097 2550 Non
1122 2502 1294 2566 edepol
1317 2505 1423 2554 scio.
