1650 2826
268 174 360 220 154
651 155 1187 209 ASINARIA.
1422 177 1555 228 vap}

263 267 438 317 Audin·
461 283 584 330 quae
603 268 821 330 quuitur
837 268 860 313 Ρ

687 378 784 412 LE
821 378 854 411 o
890 378 925 411 N
957 379 977 410 1
1014 380 1048 411 D
1084 378 1134 434 A.

659 453 849 512 Audio,
880 466 927 501 et
955 447 1162 516 quieeco,

630 554 674 588 M
710 555 740 587 E
778 555 812 588 R
847 555 875 587 c
909 554 944 587 A
980 554 1011 586 Τ
1049 555 1081 587 o
1119 555 1168 587 R

1072 627 1320 686 Tandem,
1347 629 1551 691 opinor,

262 698 521 747 Conticuit.
545 715 679 746 nunc
697 699 864 746 adeam
887 711 1148 762 optumum
1167 701 1220 746 'st
1234 735 1247 758 ,
1271 702 1551 764 priusquam

518 774 687 835 incipit
719 774 902 819 tinnire.

259 847 425 917 Quam
445 863 565 893 mox
594 846 714 892 mihi
733 862 925 907 operam
948 845 1060 891 das?

662 941 692 973 L
729 941 758 972 Ε
797 942 828 974 o
865 942 896 973 N
934 941 954 973 1
990 942 1024 973 D
1061 940 1109 972 A.

405 1019 559 1064 Ehem
574 1053 587 1075 ‚
606 1028 830 1079 optume:
853 1015 1192 1078 quamdudum
1210 1027 1263 1062 tu
1286 1016 1513 1062 advenisti
1523 1016 1555 1063 Ξ)-

258 1090 371 1137 Non
380 1091 536 1136 hercle
555 1103 600 1136 te
615 1089 928 1152 provideram.
948 1105 1122 1150 quaeso
1138 1124 1150 1146 ,
1164 1105 1224 1134 ne
1239 1089 1357 1135 vitio
1375 1099 1546 1146 vortas,

257 1164 328 1213 Ita
353 1165 594 1213 iracundia
623 1164 805 1210 obstitit
831 1164 990 1209 oculis.

629 1258 739 1298 M'E
776 1265 809 1297 R
846 1264 872 1296 c
909 1263 944 1296 A
980 1237 1165 1296 ron.

938 1336 1052 1383 Non
1072 1337 1253 1383 mirum
1279 1335 1462 1384 filetum
1479 1337 1555 1386 'st.⁴

261 1407 357 1454 Sed
377 1409 412 1454 si
431 1408 566 1455 domi
588 1410 643 1456 'st
656 1445 670 1467 ,
685 1407 1046 1456 Demaenetum
1068 1409 1304 1455 volebam.

657 1512 688 1544 L
724 1513 755 1544 Ε
794 1513 825 1546 0
861 1513 895 1545 N
930 1511 950 1543 Ι
986 1512 1021 1544 D
1058 1510 1106 1542 A.

669 1594 674 1595 ⁷
712 1593 718 1595 “
1105 1577 1259 1642 Negat
1285 1591 1377 1622 esse
1405 1575 1555 1622 intus,

257 1649 441 1698 Verum
480 1653 600 1699 istuc
630 1663 880 1717 argentum
911 1663 1074 1698 tamen
1097 1650 1217 1696 mihi
1243 1649 1279 1695 si
1306 1649 1374 1695 vis
1398 1648 1552 1693 denu-

514 1742 720 1781 merare,

257 1793 613 1859 Repromittam
638 1798 754 1844 istoc
775 1797 864 1845 tibi
883 1797 1083 1843 nomine
1108 1796 1314 1845 solutam
1330 1808 1438 1843 rem
1468 1791 1550 1847 fuga>

512 1881 679 1919 turam.

633 1969 1164 2005 MERCATOR.

259 2043 334 2092 Sic
372 2045 560 2108 potius,
589 2057 644 2092 ut
681 2046 979 2092 Demaeneto
1011 2043 1106 2090 tibi
1139 2039 1257 2090 hero
1297 2050 1551 2106 praesento
1646 1997 1650 2071 ¹

495 2116 722 2164 reddam.
775 2157 779 2158 γ

632 2238 636 2242 ‹
689 2222 719 2254 L
756 2222 776 2254 1
813 2221 841 2253 B
877 2220 911 2253 A
945 2220 980 2254 N
1015 2219 1052 2252 U
1088 2219 1162 2277 s.N

258 2291 412 2345 Herus
438 2295 591 2343 istunc
610 2295 775 2354 novit,
799 2306 946 2357 atque
964 2296 1134 2341 herum
1152 2291 1245 2346 hic.
1266 2288 1285 2339 f

579 2408 586 2416 ·
634 2402 676 2435 M
713 2401 811 2434 ER
848 2401 874 2432 c
911 2387 1166 2432 ATossR.

727 2492 729 2494 v
791 2466 921 2513 Hero
948 2466 1059 2511 huic
1076 2472 1317 2526 praesente
1333 2462 1552 2512 reddam..
