1650 2826
142 186 289 230 v.14
434 160 719 213 ACTUS
772 159 851 206 11.
887 156 1014 207 sc.
1063 158 1139 203 11.
1326 128 1417 218 403

143 280 366 350 Quamm
381 290 540 323 rerum
562 284 611 321 te
633 270 937 330 fflziloquom
961 270 1080 317 mihi
1098 285 1191 317 esse
1209 270 1341 315 nolo.

424 365 1127 405 PHILOCRATES.

399 476 405 487 ¹
1167 425 1282 472 Non
1311 440 1424 482 ero,

143 506 297 580 Quod
312 505 465 553 sciam.
496 503 533 549 si
563 501 684 564 quid
706 501 910 560 nescivi,
928 499 982 547 id
997 501 1211 548 nescium
1241 500 1423 547 tradam

320 637 327 639 ‚
392 574 495 622 tibi.

520 666 552 700 Τ
587 666 621 700 Y
658 667 692 700 N
730 667 765 700 D
800 665 834 699 A
870 668 904 700 R
938 667 974 700 U
1010 667 1049 701 S.

143 746 285 794 Nunc
314 759 460 791 senex
483 753 550 789 eet
579 742 632 788 in
662 743 895 790 tonstrina
919 763 930 788 :
962 759 1094 793 nunc
1117 744 1215 808 jam
1249 743 1424 789 cultros

398 818 583 864 attinet.

136 888 213 940 Ne
243 892 280 938 is
308 890 509 953 quidem
539 889 784 936 involucre
813 889 1001 954 injicere
1027 889 1210 947 voluit,
1240 900 1422 937 vestem

393 974 451 1008 ut
481 977 544 1007 ne
569 962 806 1023 mquinet.

141 1037 237 1085 Sed
260 1047 425 1084 utrum
441 1068 458 1093 ,
485 1034 743 1080 suictimne
771 1045 1072 1081 attonsutum
1108 1034 1263 1080 dicam
1291 1051 1384 1082 esse
1405 1071 1422 1094 ,

397 1124 458 1154 an
486 1125 572 1169 per
593 1109 834 1169 pectinem
850 1143 865 1166 ,

144 1180 315 1227 Nescio
339 1198 350 1224 ι
386 1194 557 1223 verum
590 1179 627 1223 si
655 1179 779 1244 fiugi
806 1181 861 1227 'st
876 1215 892 1239 ‚
926 1195 1080 1241 usque
1117 1179 1419 1229 admutilabit

397 1249 563 1312 probe.

631 1339 667 1374 n
699 1339 730 1373 r.
768 1340 801 1373 G
835 1340 857 1373 1
893 1341 942 1373 o.

146 1412 283 1486 Quid
308 1410 399 1459 tu?
430 1425 645 1456 servosne
676 1425 770 1455 esse
786 1443 801 1466 ,
832 1426 893 1455 an
917 1409 1042 1456 liber
1071 1412 1299 1459 mavelis?
1322 1430 1421 1460 me-

393 1500 527 1530 mora
551 1483 683 1528 mihi.

424 1577 1131 1613 PnlLocltArns.

146 1659 449 1704 Proxumum
485 1654 622 1715 quod
653 1654 712 1700 sit
747 1654 909 1712 bono,
947 1655 1183 1716 quodque
1216 1673 1243 1703 a
1278 1660 1406 1706 malo

399 1729 686 1792 longiaeume
700 1762 715 1784 ,

146 1800 206 1847 Id
235 1801 363 1846 volo.
395 1815 693 1860 quamquam
721 1814 823 1845 non
855 1800 1068 1845 multum
1103 1798 1196 1847 fuit
1225 1803 1423 1849 molesta

398 1883 593 1918 serv1tus
611 1891 624 1918 ε

146 1947 250 1994 Nec
267 1946 336 1992 mi
351 1961 480 1992 secus
505 1956 627 2002 erat,
648 1958 795 2007 quam
810 1945 848 1991 si
873 1961 1018 1992 essem
1035 1945 1266 1994 familiaris
1285 1948 1421 1996 filius.

403 2026 406 2027 ⁷
530 2046 562 2078 T
594 2047 631 2079 Y
665 2046 699 2079 N
734 2047 771 2079 D
805 2046 841 2079 A
874 2047 909 2080 R
944 2046 981 2078 u
1016 2046 1054 2079 s.

147 2116 401 2180 Eugepae!
428 2114 634 2165 Thalem
655 2115 836 2165 talento
856 2130 959 2163 non
983 2131 1139 2161 emam
1153 2115 1404 2163 Milesium.

145 2187 271 2234 Nam
299 2187 360 2232 ad
389 2187 666 2248 sapientiam
691 2187 834 2250 hujus
850 2187 1030 2244 ,nimius
1048 2199 1250 2251 nugator
1265 2189 1377 2237 fuit.

149 2260 217 2308 Ut
238 2260 386 2307 facete
418 2260 682 2308 orationem
707 2259 769 2305 ad
797 2260 1074 2310 servitutem
1095 2262 1326 2309 contulit!

624 2351 660 2384 H
695 2352 725 2384 E
762 2352 795 2385 G
830 2352 851 2384 I
891 2352 941 2388 Ο.

152 2417 269 2487 Quo
299 2418 359 2466 de
380 2431 685 2487 genere-natu
699 2420 753 2467 'st
770 2419 866 2466 illic
882 2419 1161 2531 Philocrzges
1174 2420 1199 2465 Ξ)

1131 2501 1156 2530 C
1190 2501 1216 2545 3
