<?xml version="1.0" encoding="UTF-8"?>
<!DOCTYPE html PUBLIC "-//W3C//DTD XHTML 1.0 Transitional//EN"
    "http://www.w3.org/TR/xhtml1/DTD/xhtml1-transitional.dtd">
<html xmlns="http://www.w3.org/1999/xhtml" xml:lang="en" lang="en">
 <head>
  <title>
</title>
<meta http-equiv="Content-Type" content="text/html;charset=utf-8" />
  <meta name='ocr-system' content='tesseract 3.04.00' />
  <meta name='ocr-capabilities' content='ocr_page ocr_carea ocr_par ocr_line ocrx_word'/>
</head>
<body>
  <div class='ocr_page' id='page_1' title='image "./comoediaesuperst01plauuoft_0465.png"; bbox 0 0 1650 2826; ppageno 0'>
   <div class='ocr_carea' id='block_1_1' title="bbox 0 1590 46 2826">
    <p class='ocr_par' dir='ltr' id='par_1_1' title="bbox 0 1590 46 2826">
     <span class='ocr_line' id='line_1_1' title="bbox 0 1590 46 2826; baseline 0 0"><span class='ocrx_word' id='word_1_1' title='bbox 0 1590 46 2826; x_wconf 95' lang='lat' dir='ltr'> </span> 
     </span>
    </p>
   </div>
   <div class='ocr_carea' id='block_1_2' title="bbox 148 170 1419 233">
    <p class='ocr_par' dir='ltr' id='par_1_2' title="bbox 148 170 1419 233">
     <span class='ocr_line' id='line_1_2' title="bbox 148 170 1419 233; baseline -0.002 -9"><span class='ocrx_word' id='word_1_2' title='bbox 148 177 284 224; x_wconf 79' lang='lat' dir='ltr'>v.88·</span> <span class='ocrx_word' id='word_1_3' title='bbox 430 172 713 221; x_wconf 87' lang='lat' dir='ltr'>ACTUS</span> <span class='ocrx_word' id='word_1_4' title='bbox 751 171 841 219; x_wconf 86' lang='lat'>11.</span> <span class='ocrx_word' id='word_1_5' title='bbox 902 170 1010 217; x_wconf 85' lang='lat' dir='ltr'>SC.</span> <span class='ocrx_word' id='word_1_6' title='bbox 1059 173 1137 218; x_wconf 91' lang='grc' dir='ltr'>ΙΙ.</span> <span class='ocrx_word' id='word_1_7' title='bbox 1330 188 1419 233; x_wconf 72' lang='lat'>411</span> 
     </span>
    </p>
   </div>
   <div class='ocr_carea' id='block_1_3' title="bbox 617 288 927 328">
    <p class='ocr_par' dir='ltr' id='par_1_3' title="bbox 617 288 927 328">
     <span class='ocr_line' id='line_1_3' title="bbox 617 288 927 328; baseline -0.006 0"><span class='ocrx_word' id='word_1_8' title='bbox 617 288 927 328; x_wconf 73' lang='lat' dir='ltr'><strong>REGIO.</strong></span> 
     </span>
    </p>
   </div>
   <div class='ocr_carea' id='block_1_4' title="bbox 151 364 1246 491">
    <p class='ocr_par' dir='ltr' id='par_1_4' title="bbox 151 364 1246 491">
     <span class='ocr_line' id='line_1_4' title="bbox 151 364 1246 440; baseline -0.005 -24"><span class='ocrx_word' id='word_1_9' title='bbox 151 369 380 440; x_wconf 73' lang='lat' dir='ltr'>Quidvis,</span> <span class='ocrx_word' id='word_1_10' title='bbox 401 367 519 414; x_wconf 87' lang='lat' dir='ltr'>dum</span> <span class='ocrx_word' id='word_1_11' title='bbox 545 365 606 412; x_wconf 89' lang='lat' dir='ltr'>ab</span> <span class='ocrx_word' id='word_1_12' title='bbox 627 380 677 410; x_wconf 82' lang='lat' dir='ltr'>re</span> <span class='ocrx_word' id='word_1_13' title='bbox 698 380 758 409; x_wconf 88' lang='lat' dir='ltr'>ne</span> <span class='ocrx_word' id='word_1_14' title='bbox 779 364 900 424; x_wconf 90' lang='lat' dir='ltr'>quid</span> <span class='ocrx_word' id='word_1_15' title='bbox 918 381 1018 410; x_wconf 84' lang='lat' dir='ltr'>ores</span> <span class='ocrx_word' id='word_1_16' title='bbox 1032 399 1045 422; x_wconf 89' lang='lat'>,</span> <span class='ocrx_word' id='word_1_17' title='bbox 1067 364 1246 411; x_wconf 69' lang='lat' dir='ltr'>faciam.</span> 
     </span>
     <span class='ocr_line' id='line_1_5' title="bbox 502 457 1034 491; baseline -0.004 0"><span class='ocrx_word' id='word_1_18' title='bbox 502 457 535 491; x_wconf 84' lang='grc' dir='ltr'>Τ</span> <span class='ocrx_word' id='word_1_19' title='bbox 569 458 604 490; x_wconf 89' lang='lat' dir='ltr'>Y</span> <span class='ocrx_word' id='word_1_20' title='bbox 641 458 675 491; x_wconf 76' lang='lat' dir='ltr'>N</span> <span class='ocrx_word' id='word_1_21' title='bbox 712 458 749 490; x_wconf 87' lang='lat' dir='ltr'>D</span> <span class='ocrx_word' id='word_1_22' title='bbox 783 458 817 490; x_wconf 83' lang='lat' dir='ltr'>A</span> <span class='ocrx_word' id='word_1_23' title='bbox 853 459 885 490; x_wconf 86' lang='lat' dir='ltr'>R</span> <span class='ocrx_word' id='word_1_24' title='bbox 924 457 957 489; x_wconf 86' lang='lat' dir='ltr'>U</span> <span class='ocrx_word' id='word_1_25' title='bbox 995 457 1034 490; x_wconf 90' lang='lat' dir='ltr'>s.</span> 
     </span>
    </p>
   </div>
   <div class='ocr_carea' id='block_1_5' title="bbox 151 524 1427 876">
    <p class='ocr_par' dir='ltr' id='par_1_5' title="bbox 151 524 1427 876">
     <span class='ocr_line' id='line_1_6' title="bbox 871 524 1424 581; baseline -0.007 -9"><span class='ocrx_word' id='word_1_26' title='bbox 871 524 1098 572; x_wconf 86' lang='lat' dir='ltr'>Ausculta</span> <span class='ocrx_word' id='word_1_27' title='bbox 1122 525 1270 581; x_wconf 71' lang='lat' dir='ltr'>dum,</span> <span class='ocrx_word' id='word_1_28' title='bbox 1301 525 1424 569; x_wconf 87' lang='lat' dir='ltr'>scies</span> 
     </span>
     <span class='ocr_line' id='line_1_7' title="bbox 151 593 1426 664; baseline -0.005 -18"><span class='ocrx_word' id='word_1_29' title='bbox 151 593 252 664; x_wconf 85' lang='lat' dir='ltr'>Ego</span> <span class='ocrx_word' id='word_1_30' title='bbox 277 613 357 650; x_wconf 82' lang='lat' dir='ltr'>me</span> <span class='ocrx_word' id='word_1_31' title='bbox 385 596 567 653; x_wconf 86' lang='lat' dir='ltr'>amitti,</span> <span class='ocrx_word' id='word_1_32' title='bbox 601 595 830 648; x_wconf 73' lang='lat' dir='ltr'>donIcum</span> <span class='ocrx_word' id='word_1_33' title='bbox 853 597 931 642; x_wconf 83' lang='lat' dir='ltr'>ille</span> <span class='ocrx_word' id='word_1_34' title='bbox 959 598 1054 643; x_wconf 93' lang='lat' dir='ltr'>huc</span> <span class='ocrx_word' id='word_1_35' title='bbox 1081 597 1294 654; x_wconf 85' lang='lat' dir='ltr'>redierit,</span> <span class='ocrx_word' id='word_1_36' title='bbox 1325 613 1426 647; x_wconf 88' lang='lat' dir='ltr'>non</span> 
     </span>
     <span class='ocr_line' id='line_1_8' title="bbox 398 670 606 731; baseline -0.01 -15"><span class='ocrx_word' id='word_1_37' title='bbox 398 670 606 731; x_wconf 85' lang='lat' dir='ltr'>postulo.</span> 
     </span>
     <span class='ocr_line' id='line_1_9' title="bbox 151 740 1427 802; baseline 0.002 -14"><span class='ocrx_word' id='word_1_38' title='bbox 151 740 361 799; x_wconf 83' lang='lat' dir='ltr'>Verum,</span> <span class='ocrx_word' id='word_1_39' title='bbox 389 753 436 787; x_wconf 93' lang='lat' dir='ltr'>te</span> <span class='ocrx_word' id='word_1_40' title='bbox 462 757 664 802; x_wconf 88' lang='lat' dir='ltr'><strong>quaeso,</strong></span> <span class='ocrx_word' id='word_1_41' title='bbox 701 752 756 786; x_wconf 91' lang='lat' dir='ltr'>ut</span> <span class='ocrx_word' id='word_1_42' title='bbox 789 751 1105 787; x_wconf 82' lang='lat' dir='ltr'>aestumatum</span> <span class='ocrx_word' id='word_1_43' title='bbox 1141 743 1271 788; x_wconf 90' lang='lat' dir='ltr'>hunc</span> <span class='ocrx_word' id='word_1_44' title='bbox 1309 742 1427 790; x_wconf 81' lang='lat' dir='ltr'>mihi</span> 
     </span>
     <span class='ocr_line' id='line_1_10' title="bbox 400 813 1232 876; baseline 0.001 -17"><span class='ocrx_word' id='word_1_45' title='bbox 400 813 507 870; x_wconf 79' lang='lat' dir='ltr'>deS,</span> <span class='ocrx_word' id='word_1_46' title='bbox 539 830 688 874; x_wconf 90' lang='lat' dir='ltr'>quem</span> <span class='ocrx_word' id='word_1_47' title='bbox 711 814 900 859; x_wconf 88' lang='lat' dir='ltr'>mittam</span> <span class='ocrx_word' id='word_1_48' title='bbox 931 814 991 860; x_wconf 88' lang='lat' dir='ltr'>ad</span> <span class='ocrx_word' id='word_1_49' title='bbox 1019 827 1232 876; x_wconf 85' lang='lat' dir='ltr'>patrem,</span> 
     </span>
    </p>
   </div>
   <div class='ocr_carea' id='block_1_6' title="bbox 151 885 847 936">
    <p class='ocr_par' dir='ltr' id='par_1_6' title="bbox 151 885 847 936">
     <span class='ocr_line' id='line_1_11' title="bbox 151 885 847 936; baseline -0.003 -4"><span class='ocrx_word' id='word_1_50' title='bbox 151 885 217 932; x_wconf 91' lang='lat' dir='ltr'>Ut</span> <span class='ocrx_word' id='word_1_51' title='bbox 235 885 271 931; x_wconf 82' lang='lat' dir='ltr'>is</span> <span class='ocrx_word' id='word_1_52' title='bbox 288 885 438 932; x_wconf 88' lang='lat' dir='ltr'>homo</span> <span class='ocrx_word' id='word_1_53' title='bbox 457 885 716 931; x_wconf 80' lang='lat' dir='ltr'>redimatur</span> <span class='ocrx_word' id='word_1_54' title='bbox 734 885 814 931; x_wconf 81' lang='lat' dir='ltr'>illi.</span> <span class='ocrx_word' id='word_1_55' title='bbox 835 923 847 936; x_wconf 83' lang='lat'><strong>.</strong></span> 
     </span>
    </p>
   </div>
   <div class='ocr_carea' id='block_1_7' title="bbox 153 980 1430 1390">
    <p class='ocr_par' dir='ltr' id='par_1_7' title="bbox 153 980 1430 1390">
     <span class='ocr_line' id='line_1_12' title="bbox 645 980 961 1014; baseline -0.003 -1"><span class='ocrx_word' id='word_1_56' title='bbox 645 980 680 1013; x_wconf 83' lang='grc' dir='ltr'>Η</span> <span class='ocrx_word' id='word_1_57' title='bbox 715 981 745 1012; x_wconf 83' lang='lat' dir='ltr'>E</span> <span class='ocrx_word' id='word_1_58' title='bbox 783 980 814 1012; x_wconf 87' lang='lat' dir='ltr'><strong>G</strong></span> <span class='ocrx_word' id='word_1_59' title='bbox 851 981 871 1013; x_wconf 92' lang='lat'>1</span> <span class='ocrx_word' id='word_1_60' title='bbox 911 981 961 1014; x_wconf 87' lang='lat' dir='ltr'>Q.</span> 
     </span>
     <span class='ocr_line' id='line_1_13' title="bbox 715 1042 1429 1103; baseline 0.003 -17"><span class='ocrx_word' id='word_1_61' title='bbox 715 1042 873 1088; x_wconf 89' lang='lat' dir='ltr'>Immo</span> <span class='ocrx_word' id='word_1_62' title='bbox 898 1044 1044 1088; x_wconf 86' lang='lat' dir='ltr'>alium</span> <span class='ocrx_word' id='word_1_63' title='bbox 1071 1042 1230 1103; x_wconf 88' lang='lat' dir='ltr'>potius</span> <span class='ocrx_word' id='word_1_64' title='bbox 1261 1042 1429 1088; x_wconf 87' lang='lat' dir='ltr'>misero</span> 
     </span>
     <span class='ocr_line' id='line_1_14' title="bbox 153 1110 1430 1174; baseline 0.002 -18"><span class='ocrx_word' id='word_1_65' title='bbox 153 1110 305 1168; x_wconf 85' lang='lat' dir='ltr'>Hinc,</span> <span class='ocrx_word' id='word_1_66' title='bbox 324 1112 410 1157; x_wconf 90' lang='lat' dir='ltr'>ubi</span> <span class='ocrx_word' id='word_1_67' title='bbox 436 1123 575 1158; x_wconf 87' lang='lat' dir='ltr'>erunt</span> <span class='ocrx_word' id='word_1_68' title='bbox 593 1113 812 1159; x_wconf 84' lang='lat' dir='ltr'><strong>induciae</strong></span> <span class='ocrx_word' id='word_1_69' title='bbox 825 1149 838 1172; x_wconf 86' lang='lat'>,</span> <span class='ocrx_word' id='word_1_70' title='bbox 856 1114 970 1160; x_wconf 86' lang='lat' dir='ltr'>illuc</span> <span class='ocrx_word' id='word_1_71' title='bbox 991 1126 1135 1165; x_wconf 84' lang='lat' dir='ltr'>tuum</span> <span class='ocrx_word' id='word_1_72' title='bbox 1153 1114 1240 1174; x_wconf 87' lang='lat' dir='ltr'>qui</span> <span class='ocrx_word' id='word_1_73' title='bbox 1259 1130 1430 1160; x_wconf 83' lang='lat' dir='ltr'>conve-</span> 
     </span>
     <span class='ocr_line' id='line_1_15' title="bbox 403 1182 734 1242; baseline 0.007 -16"><span class='ocrx_word' id='word_1_74' title='bbox 403 1182 502 1226; x_wconf 81' lang='lat' dir='ltr'>niat</span> <span class='ocrx_word' id='word_1_75' title='bbox 527 1194 734 1242; x_wconf 85' lang='lat' dir='ltr'>patrem·</span> 
     </span>
     <span class='ocr_line' id='line_1_16' title="bbox 156 1254 1429 1325; baseline -0.002 -24"><span class='ocrx_word' id='word_1_76' title='bbox 156 1255 260 1325; x_wconf 74' lang='lat' dir='ltr'>Qui</span> <span class='ocrx_word' id='word_1_77' title='bbox 280 1265 388 1312; x_wconf 85' lang='lat' dir='ltr'>tua,</span> <span class='ocrx_word' id='word_1_78' title='bbox 410 1271 532 1314; x_wconf 85' lang='lat' dir='ltr'>quae</span> <span class='ocrx_word' id='word_1_79' title='bbox 552 1266 607 1301; x_wconf 90' lang='lat' dir='ltr'>tu</span> <span class='ocrx_word' id='word_1_80' title='bbox 634 1256 806 1301; x_wconf 83' lang='lat' dir='ltr'>miseris</span> <span class='ocrx_word' id='word_1_81' title='bbox 837 1255 1082 1311; x_wconf 86' lang='lat' dir='ltr'>mandata,</span> <span class='ocrx_word' id='word_1_82' title='bbox 1104 1255 1193 1312; x_wconf 85' lang='lat' dir='ltr'>ita,</span> <span class='ocrx_word' id='word_1_83' title='bbox 1212 1266 1269 1301; x_wconf 89' lang='lat' dir='ltr'>ut</span> <span class='ocrx_word' id='word_1_84' title='bbox 1287 1254 1429 1311; x_wconf 85' lang='lat' dir='ltr'>velis,</span> 
     </span>
     <span class='ocr_line' id='line_1_17' title="bbox 408 1327 621 1390; baseline -0.005 -17"><span class='ocrx_word' id='word_1_85' title='bbox 408 1327 621 1390; x_wconf 80' lang='lat' dir='ltr'>perferat.</span> 
     </span>
    </p>
   </div>
   <div class='ocr_carea' id='block_1_8' title="bbox 159 1421 1436 2188">
    <p class='ocr_par' dir='ltr' id='par_1_8' title="bbox 159 1421 1436 2188">
     <span class='ocr_line' id='line_1_18' title="bbox 514 1421 1043 1455; baseline 0 -1"><span class='ocrx_word' id='word_1_86' title='bbox 514 1423 545 1454; x_wconf 87' lang='grc' dir='ltr'><strong>Τ</strong></span> <span class='ocrx_word' id='word_1_87' title='bbox 580 1422 615 1454; x_wconf 86' lang='lat' dir='ltr'>Y</span> <span class='ocrx_word' id='word_1_88' title='bbox 652 1423 685 1455; x_wconf 82' lang='lat' dir='ltr'>N</span> <span class='ocrx_word' id='word_1_89' title='bbox 722 1423 757 1453; x_wconf 88' lang='lat' dir='ltr'>D</span> <span class='ocrx_word' id='word_1_90' title='bbox 794 1423 827 1453; x_wconf 88' lang='lat' dir='ltr'>A</span> <span class='ocrx_word' id='word_1_91' title='bbox 863 1423 896 1454; x_wconf 86' lang='lat' dir='ltr'>R</span> <span class='ocrx_word' id='word_1_92' title='bbox 933 1421 968 1452; x_wconf 88' lang='lat' dir='ltr'>U</span> <span class='ocrx_word' id='word_1_93' title='bbox 1006 1421 1043 1454; x_wconf 92' lang='lat' dir='ltr'>s.</span> 
     </span>
     <span class='ocr_line' id='line_1_19' title="bbox 159 1490 1432 1555; baseline -0.001 -18"><span class='ocrx_word' id='word_1_94' title='bbox 159 1490 223 1543; x_wconf 88' lang='lat' dir='ltr'>At</span> <span class='ocrx_word' id='word_1_95' title='bbox 239 1490 359 1540; x_wconf 82' lang='lat' dir='ltr'>nihil</span> <span class='ocrx_word' id='word_1_96' title='bbox 388 1501 480 1546; x_wconf 82' lang='lat' dir='ltr'>est,</span> <span class='ocrx_word' id='word_1_97' title='bbox 513 1490 734 1554; x_wconf 88' lang='lat' dir='ltr'>ignotum</span> <span class='ocrx_word' id='word_1_98' title='bbox 757 1490 816 1555; x_wconf 82' lang='lat' dir='ltr'>ad</span> <span class='ocrx_word' id='word_1_99' title='bbox 834 1490 972 1535; x_wconf 90' lang='lat' dir='ltr'>illum</span> <span class='ocrx_word' id='word_1_100' title='bbox 995 1490 1209 1540; x_wconf 84' lang='lat' dir='ltr'>mittere:</span> <span class='ocrx_word' id='word_1_101' title='bbox 1240 1507 1432 1553; x_wconf 81' lang='lat' dir='ltr'>operam</span> 
     </span>
     <span class='ocr_line' id='line_1_20' title="bbox 410 1563 582 1608; baseline 0 0"><span class='ocrx_word' id='word_1_102' title='bbox 410 1563 582 1608; x_wconf 84' lang='lat' dir='ltr'>luseris.</span> 
     </span>
     <span class='ocr_line' id='line_1_21' title="bbox 161 1627 1434 1694; baseline 0.001 -12"><span class='ocrx_word' id='word_1_103' title='bbox 161 1637 308 1683; x_wconf 89' lang='lat' dir='ltr'>Hunc</span> <span class='ocrx_word' id='word_1_104' title='bbox 325 1637 490 1693; x_wconf 84' lang='lat' dir='ltr'>mitte,</span> <span class='ocrx_word' id='word_1_105' title='bbox 518 1627 594 1682; x_wconf 83' lang='lat' dir='ltr'>hic</span> <span class='ocrx_word' id='word_1_106' title='bbox 622 1653 766 1682; x_wconf 90' lang='lat' dir='ltr'>omne</span> <span class='ocrx_word' id='word_1_107' title='bbox 797 1647 1081 1687; x_wconf 86' lang='lat' dir='ltr'>transactum</span> <span class='ocrx_word' id='word_1_108' title='bbox 1106 1635 1274 1682; x_wconf 84' lang='lat' dir='ltr'>reddet</span> <span class='ocrx_word' id='word_1_109' title='bbox 1289 1671 1302 1694; x_wconf 86' lang='lat'>‚</span> <span class='ocrx_word' id='word_1_110' title='bbox 1325 1638 1360 1682; x_wconf 91' lang='lat' dir='ltr'>si</span> <span class='ocrx_word' id='word_1_111' title='bbox 1380 1638 1434 1683; x_wconf 82' lang='lat' dir='ltr'>il-</span> 
     </span>
     <span class='ocr_line' id='line_1_22' title="bbox 410 1708 708 1754; baseline 0 -2"><span class='ocrx_word' id='word_1_112' title='bbox 410 1708 490 1753; x_wconf 91' lang='lat' dir='ltr'>luc</span> <span class='ocrx_word' id='word_1_113' title='bbox 514 1708 708 1754; x_wconf 86' lang='lat' dir='ltr'>venerit.</span> 
     </span>
     <span class='ocr_line' id='line_1_23' title="bbox 161 1779 1432 1845; baseline 0.003 -20"><span class='ocrx_word' id='word_1_114' title='bbox 161 1780 262 1826; x_wconf 91' lang='lat' dir='ltr'>Nec</span> <span class='ocrx_word' id='word_1_115' title='bbox 286 1795 582 1840; x_wconf 84' lang='lat' dir='ltr'>quemquam</span> <span class='ocrx_word' id='word_1_116' title='bbox 606 1779 883 1838; x_wconf 83' lang='lat' dir='ltr'>fideliorem,</span> <span class='ocrx_word' id='word_1_117' title='bbox 899 1794 1060 1845; x_wconf 90' lang='lat' dir='ltr'>neque</span> <span class='ocrx_word' id='word_1_118' title='bbox 1081 1779 1199 1840; x_wconf 86' lang='lat' dir='ltr'>quoi</span> <span class='ocrx_word' id='word_1_119' title='bbox 1214 1781 1320 1842; x_wconf 88' lang='lat' dir='ltr'>plus</span> <span class='ocrx_word' id='word_1_120' title='bbox 1339 1798 1432 1828; x_wconf 86' lang='lat' dir='ltr'>cre-</span> 
     </span>
     <span class='ocr_line' id='line_1_24' title="bbox 296 1852 682 1914; baseline 0 -16"><span class='ocrx_word' id='word_1_121' title='bbox 296 1856 299 1857; x_wconf 66' lang='grc'>’</span> <span class='ocrx_word' id='word_1_122' title='bbox 417 1852 524 1909; x_wconf 86' lang='lat' dir='ltr'>dat,</span> <span class='ocrx_word' id='word_1_123' title='bbox 547 1863 682 1914; x_wconf 88' lang='lat' dir='ltr'>potes</span> 
     </span>
     <span class='ocr_line' id='line_1_25' title="bbox 163 1924 1432 1990; baseline 0.001 -19"><span class='ocrx_word' id='word_1_124' title='bbox 163 1925 354 1971; x_wconf 84' lang='lat' dir='ltr'>Mittere</span> <span class='ocrx_word' id='word_1_125' title='bbox 378 1924 439 1970; x_wconf 86' lang='lat' dir='ltr'>ad</span> <span class='ocrx_word' id='word_1_126' title='bbox 466 1941 608 1982; x_wconf 82' lang='lat' dir='ltr'>eum,</span> <span class='ocrx_word' id='word_1_127' title='bbox 628 1941 716 1970; x_wconf 88' lang='lat' dir='ltr'>nec</span> <span class='ocrx_word' id='word_1_128' title='bbox 739 1926 824 1986; x_wconf 88' lang='lat' dir='ltr'>qui</span> <span class='ocrx_word' id='word_1_129' title='bbox 842 1927 985 1990; x_wconf 85' lang='lat' dir='ltr'>magis</span> <span class='ocrx_word' id='word_1_130' title='bbox 1011 1927 1067 1971; x_wconf 88' lang='lat' dir='ltr'>sit</span> <span class='ocrx_word' id='word_1_131' title='bbox 1085 1943 1236 1971; x_wconf 89' lang='lat' dir='ltr'>servos</span> <span class='ocrx_word' id='word_1_132' title='bbox 1255 1943 1314 1972; x_wconf 85' lang='lat' dir='ltr'>ex</span> <span class='ocrx_word' id='word_1_133' title='bbox 1328 1944 1432 1972; x_wconf 88' lang='lat' dir='ltr'>sen-</span> 
     </span>
     <span class='ocr_line' id='line_1_26' title="bbox 414 1998 595 2042; baseline 0 0"><span class='ocrx_word' id='word_1_134' title='bbox 414 1998 595 2042; x_wconf 85' lang='lat' dir='ltr'>tentia:</span> 
     </span>
     <span class='ocr_line' id='line_1_27' title="bbox 165 2069 1436 2130; baseline 0.001 -14"><span class='ocrx_word' id='word_1_135' title='bbox 165 2070 341 2130; x_wconf 89' lang='lat' dir='ltr'>Neque</span> <span class='ocrx_word' id='word_1_136' title='bbox 368 2069 487 2115; x_wconf 88' lang='lat' dir='ltr'>adeo</span> <span class='ocrx_word' id='word_1_137' title='bbox 515 2069 634 2129; x_wconf 91' lang='lat' dir='ltr'>quoi</span> <span class='ocrx_word' id='word_1_138' title='bbox 663 2080 805 2114; x_wconf 89' lang='lat' dir='ltr'>tuum</span> <span class='ocrx_word' id='word_1_139' title='bbox 832 2070 1083 2115; x_wconf 87' lang='lat' dir='ltr'>concredat</span> <span class='ocrx_word' id='word_1_140' title='bbox 1108 2071 1262 2126; x_wconf 79' lang='lat' dir='ltr'>filium</span> <span class='ocrx_word' id='word_1_141' title='bbox 1292 2072 1436 2123; x_wconf 87' lang='lat' dir='ltr'>hodie</span> 
     </span>
     <span class='ocr_line' id='line_1_28' title="bbox 415 2141 1413 2188; baseline 0 -1"><span class='ocrx_word' id='word_1_142' title='bbox 415 2141 647 2188; x_wconf 89' lang='lat' dir='ltr'>audacius.</span> <span class='ocrx_word' id='word_1_143' title='bbox 1392 2168 1413 2172; x_wconf 98' lang='lat'><em>-</em></span> 
     </span>
    </p>
   </div>
   <div class='ocr_carea' id='block_1_9' title="bbox 164 2213 1435 2343">
    <p class='ocr_par' dir='ltr' id='par_1_9' title="bbox 164 2213 1435 2343">
     <span class='ocr_line' id='line_1_29' title="bbox 164 2213 1435 2280; baseline -0.002 -16"><span class='ocrx_word' id='word_1_144' title='bbox 164 2213 240 2265; x_wconf 83' lang='lat' dir='ltr'>Ne</span> <span class='ocrx_word' id='word_1_145' title='bbox 270 2230 454 2262; x_wconf 83' lang='lat' dir='ltr'>vereare</span> <span class='ocrx_word' id='word_1_146' title='bbox 473 2248 488 2270; x_wconf 86' lang='lat'>‚</span> <span class='ocrx_word' id='word_1_147' title='bbox 525 2230 636 2260; x_wconf 90' lang='lat' dir='ltr'>meo</span> <span class='ocrx_word' id='word_1_148' title='bbox 675 2215 886 2276; x_wconf 89' lang='lat' dir='ltr'>periculo</span> <span class='ocrx_word' id='word_1_149' title='bbox 927 2215 1067 2279; x_wconf 89' lang='lat' dir='ltr'>hujus</span> <span class='ocrx_word' id='word_1_150' title='bbox 1103 2232 1190 2280; x_wconf 89' lang='lat' dir='ltr'>ego</span> <span class='ocrx_word' id='word_1_151' title='bbox 1227 2217 1435 2277; x_wconf 84' lang='lat' dir='ltr'>experiar</span> 
     </span>
     <span class='ocr_line' id='line_1_30' title="bbox 417 2287 597 2343; baseline -0.011 -11"><span class='ocrx_word' id='word_1_152' title='bbox 417 2287 563 2332; x_wconf 88' lang='lat' dir='ltr'>fidem</span> <span class='ocrx_word' id='word_1_153' title='bbox 582 2320 597 2343; x_wconf 83' lang='lat'>‚</span> 
     </span>
    </p>
   </div>
   <div class='ocr_carea' id='block_1_10' title="bbox 168 2356 1436 2479">
    <p class='ocr_par' dir='ltr' id='par_1_10' title="bbox 168 2356 1436 2479">
     <span class='ocr_line' id='line_1_31' title="bbox 168 2356 1436 2425; baseline 0.002 -18"><span class='ocrx_word' id='word_1_154' title='bbox 168 2356 331 2409; x_wconf 68' lang='lat' dir='ltr'>ertus</span> <span class='ocrx_word' id='word_1_155' title='bbox 365 2359 558 2423; x_wconf 87' lang='lat' dir='ltr'>ingenio</span> <span class='ocrx_word' id='word_1_156' title='bbox 597 2359 721 2422; x_wconf 79' lang='lat' dir='ltr'>ejuS,</span> <span class='ocrx_word' id='word_1_157' title='bbox 752 2360 887 2423; x_wconf 90' lang='lat' dir='ltr'>quod</span> <span class='ocrx_word' id='word_1_158' title='bbox 913 2378 993 2407; x_wconf 90' lang='lat' dir='ltr'>me</span> <span class='ocrx_word' id='word_1_159' title='bbox 1023 2378 1114 2410; x_wconf 87' lang='lat' dir='ltr'>esse</span> <span class='ocrx_word' id='word_1_160' title='bbox 1142 2361 1227 2408; x_wconf 86' lang='lat' dir='ltr'>scit</span> <span class='ocrx_word' id='word_1_161' title='bbox 1257 2378 1360 2425; x_wconf 84' lang='lat' dir='ltr'>erga</span> <span class='ocrx_word' id='word_1_162' title='bbox 1389 2378 1436 2410; x_wconf 75' lang='lat' dir='ltr'>se</span> 
     </span>
     <span class='ocr_line' id='line_1_32' title="bbox 385 2431 722 2479; baseline 0 -1"><span class='ocrx_word' id='word_1_163' title='bbox 385 2476 391 2478; x_wconf 17' lang='grc' dir='ltr'><em>ψ</em></span> <span class='ocrx_word' id='word_1_164' title='bbox 416 2431 722 2479; x_wconf 84' lang='lat' dir='ltr'>benevolum.</span> 
     </span>
    </p>
   </div>
  </div>
 </body>
</html>
