1650 2826
244 189 336 235 ιώ
580 159 1234 235 ΑΜΡΗΙΤΒυᾱ
1397 205 1526 249 ιη

581 300 1184 340 AMPHI'TRUO.

1114 386 1235 456 Quis
1259 402 1337 431 me
1358 395 1490 432 tenet
1503 386 1532 432 Ρ·

689 481 717 513 Β
754 482 786 515 R
823 481 855 515 o
891 482 934 514 M
970 481 989 513 1
1026 480 1075 513 A.

238 557 344 604 Tua
376 554 564 603 Bromia
592 556 771 602 ancilla.

581 663 1182 699 AMPHITRUO.

496 742 651 786 Totus
669 740 819 785 timeo
830 774 843 796 ‚
863 740 927 784 ita
944 754 1024 784 me
1043 739 1278 800 increpuit
1289 737 1527 799 Juppiter.

239 816 341 862 Nec
376 832 504 862 secus
539 826 635 872 est,
670 831 818 874 quam
849 813 885 858 si
923 813 983 859 ab
1018 811 1291 859 Acherunte
1321 811 1535 859 veniam„

492 888 576 934 sed
603 887 724 950 quid
747 899 804 933 tu
833 886 952 933 foras

239 962 427 1028 Egressa
450 963 531 1008 es?

695 1039 723 1071 B
761 1040 793 1072 R
831 1038 863 1070 O
904 1036 946 1070 M
982 1037 1003 1069 I
1039 1036 1087 1070 A.

401 1111 582 1158 Eadem
598 1128 683 1158 nos
703 1111 911 1158 formido
929 1113 1116 1159 timidas
1135 1124 1310 1158 terrore
1324 1109 1525 1172 inpulit:

239 1184 299 1230 In
327 1184 520 1230 aedibus
536 1219 548 1241 ‚
574 1184 660 1230 ubi
691 1197 746 1230 tu
771 1184 949 1230 habitas
969 1221 982 1244 ‚
999 1185 1146 1231 nimia
1163 1185 1281 1231 mira
1296 1183 1408 1230 vidi.
1441 1199 1528 1228 vae

493 1257 642 1303 mihi!

240 1331 532 1395 Amphitruo
551 1369 564 1392 ,
598 1335 662 1380 ita
684 1334 804 1379 mihi
831 1335 1015 1381 animus
1049 1334 1191 1380 etiam
1222 1347 1353 1378 nunc
1383 1331 1536 1377 abest*

586 1434 621 1467 A
656 1435 699 1468 M
736 1436 764 1469 P
802 1436 836 1469 H
871 1437 893 1469 1
931 1436 962 1468 T
997 1437 1031 1470 R
1066 1436 1102 1468 U
1138 1437 1185 1469 O.
1460 1407 1469 1418 N

1093 1518 1317 1584 Agedum
1341 1518 1534 1580 expedi.

241 1581 364 1631 Scin'
387 1601 467 1633 me
494 1597 636 1634 tuum
661 1605 754 1635 esse
779 1591 950 1637 herum
969 1589 1413 1653 Amphitruonem?
1452 1582 1467 1595 “

694 1692 1084 1726 BROMIA.

820 1751 941 1798 Scio.

585 1841 1187 1880 AMPHITRUO.

911 1915 1091 1968 ¹Viden'
1113 1922 1255 1969 etiam
1275 1939 1406 1971 nunc
1419 1924 1443 1970 ?

697 2012 726 2045 Β
762 2014 796 2048 R
833 2014 865 2048 o
901 2015 944 2048 M
980 2015 1002 2047 1
1037 2014 1085 2048 A.

927 2140 931 2148 ¹
1407 2076 1530 2125 Scio„

586 2176 622 2210 A
657 2178 699 2212 M
737 2180 765 2213 P
801 2179 835 2213 Η
871 2180 892 2213 1
929 2181 959 2213 T
995 2182 1027 2215 R
1063 2182 1099 2215 U
1134 2183 1182 2217 o.

244 2244 374 2292 Haec
403 2249 500 2294 sola
526 2266 685 2296 sanam
714 2263 930 2299 mentem
962 2265 1108 2319 gestat
1137 2269 1358 2301 meorum
1389 2252 1522 2300 fami-

496 2321 696 2368 liarium.

681 2411 709 2442 Β
747 2412 780 2444 R
817 2412 849 2444 o
886 2412 929 2445 M
965 2412 985 2444 Ι
1021 2411 1071 2446 A.

245 2477 400 2526 Immo
421 2497 584 2529 omnes
601 2484 698 2529 sani
714 2496 824 2530 sunt
839 2484 1083 2546 profecto..
1097 2469 1105 2477 ’
