1650 2826
265 190 353 269 138x
625 206 729 253 As
766 207 1162 254 INARrA.
1413 228 1531 260 v.1-2

673 326 1119 359 LEONIDA.
1486 287 1490 294 Ι

259 408 383 454 Nam
401 407 437 452 si
457 405 568 453 huic
586 407 816 453 occasioni
838 419 1027 469 tempus
1045 424 1138 453 sese
1155 407 1503 456 subterduxerit
1520 446 1536 468 ‚

259 482 542 541 Numquam
566 481 738 542 edepol
763 480 996 545 quadrigis
1010 481 1124 526 albis
1139 481 1385 542 indipiscet
1409 496 1538 545 post-

514 571 592 599 ea:

257 627 447 674 Herum
485 627 536 673 in
564 626 810 673 obsidione
839 627 1056 687 linquet,
1079 628 1330 674 inimicum
1357 629 1540 677 animos

511 700 702 745 auxerit.
776 756 784 765 ·

259 771 354 818 Sed
370 773 407 818 si
431 789 624 819 mecum
645 772 938 817 occasionem
958 771 1224 833 opprimere
1251 774 1372 820 hanc
1386 809 1399 831 ,
1415 791 1537 836 quae

514 844 711 895 obvenit
732 877 745 900 ,
776 844 959 900 studet,

258 917 504 963 Maxumas
536 917 799 978 opimitates
831 916 1003 979 gaudio
1037 916 1358 964 effertissumas

250 988 362 1038 Suis
389 990 507 1036 heris
538 990 616 1035 ille
650 1006 745 1036 una
771 1005 965 1035 mecum
999 991 1173 1051 pariet,
1213 1003 1456 1055 gnatoque
1492 1001 1539 1037 et

509 1074 657 1123 patri:

258 1133 395 1183 Adeo
422 1146 478 1182 ut
504 1147 705 1183 aetatem
730 1135 873 1183 ambo
902 1135 1135 1184 ambobus
1161 1135 1298 1182 nobis
1328 1136 1420 1182 sint
1451 1136 1538 1184 ob,-

512 1210 644 1256 noxii
664 1244 677 1266 ‚

259 1280 432 1328 Nostro
460 1280 670 1328 devincti
689 1279 936 1326 beneficio.

678 1381 1118 1417 LIBANUS.

899 1451 1095 1497 Vinctos
1121 1451 1277 1496 nescio
1307 1466 1428 1511 quos
1461 1450 1540 1496 ait.

259 1527 372 1574 Non
389 1526 564 1587 placet:
586 1534 752 1569 metuo
780 1523 831 1569 in
854 1538 1113 1569 commune
1127 1555 1140 1579 ,
1158 1538 1220 1568 ne
1248 1538 1395 1584 quam
1413 1519 1540 1569 stau«

514 1597 626 1644 dem
658 1597 834 1643 frausus
860 1597 958 1642 siet.

682 1709 713 1742 1.
750 1710 779 1742 Ε
816 1710 848 1742 o
886 1709 919 1741 N
957 1709 978 1740 Ι
1013 1709 1048 1740 D
1083 1707 1132 1740 A.

260 1777 381 1825 Perii
416 1794 504 1842 ego
545 1776 727 1838 oppido
745 1810 759 1832 ,
791 1776 879 1832 nisi
913 1775 1153 1821 Libanum
1186 1776 1378 1822 invenio
1398 1777 1500 1839 jam
1518 1807 1536 1834 ,

517 1849 602 1895 ubi
628 1849 715 1894 ubi
743 1858 810 1893 est
837 1847 1066 1911 gentium.

681 1958 712 1991 L
747 1958 768 1989 1
803 1957 830 1990 B
867 1957 901 1990 A
937 1959 970 1991 N
1008 1957 1042 1989 U
1079 1957 1116 1990 S.

262 2022 365 2070 11ch
388 2021 538 2068 homo
566 2022 748 2068 socium
765 2022 826 2068 ad
845 2023 1017 2070 malam
1033 2038 1134 2069 rem
1156 2024 1365 2085 quaerit,
1389 2039 1536 2086 quem

512 2094 738 2161 adjungat
761 2097 861 2143 sibi.

262 2165 376 2211 Non
397 2167 564 2228 placet.
588 2185 676 2230 pro
705 2180 917 2216 monstro
947 2173 1190 2232 extemplo
1219 2181 1311 2227 est,
1339 2169 1535 2230 quando

514 2241 602 2300 qui
635 2242 771 2288 sudat
802 2243 974 2288 tremit.

682 2352 1127 2386 LEONIDA.

264 2413 358 2462 Sed
387 2415 507 2477 quid
536 2431 623 2480 ego
656 2419 731 2463 hic
761 2435 1015 2480 properans
1044 2433 1260 2465 concesso
1296 2402 1530 2478 pedibusss,

519 2488 678 2552 lingua
706 2491 872 2553 largior
890 2491 912 2535 ?
