1650 2826
239 220 297 268 ιθ
514 214 1176 268 ἈΜΡΗῙΤΒυα
1366 239 1495 290 v·9⁵·

234 326 548 375 Vortentibus
560 326 801 385 TeleboiS‚
820 328 922 373 telis
941 328 1291 390 conplebantur
1306 346 1522 394 corporaz

233 403 467 466 Ipsusque
483 399 775 464 Amphitruo
793 419 954 467 regem
976 403 1209 451 Pterelam
1226 422 1308 453 sua
1327 406 1526 455 obtrun-

493 489 616 524 cawt
645 492 807 522 manu.

232 560 365 607 Haec
392 559 487 605 illic
515 570 582 606 est
609 572 823 623 pugnata
852 574 1015 622 pugna
1051 575 1205 620 usque
1235 578 1263 606 a
1295 578 1437 611 mane
1466 563 1528 611 ad

492 649 745 696 vesperum
770 651 779 676 :

231 715 343 762 Hoc
365 714 485 761 adeo
521 714 615 760 hoc
649 713 944 759 conmemini
976 714 1150 777 magis,
1178 715 1292 776 quia
1324 717 1407 764 illo
1445 719 1524 768 die
1552 742 1555 745 *

494 789 740 850 inpransus
763 785 846 831 fui.

234 870 330 918 Sed
350 869 591 932 proelium
613 866 665 913 id
688 865 886 914 tandem
910 866 1100 914 diremit
1128 883 1231 916 nox
1254 870 1528 920 interventu

495 956 596 986 suo.

232 1014 462 1062 Postridie
484 1014 535 1059 in
558 1023 701 1059 castra
724 1027 785 1058 ex
806 1010 925 1058 urbe
946 1011 1007 1058 ad
1028 1028 1115 1061 nos
1136 1016 1340 1063 veniunt
1360 1016 1527 1064 flentes

494 1085 729 1147 principes
751 1103 760 1129 :

231 1172 281 1223 ‚V
282 1172 411 1219 elatis
455 1169 677 1216 manibus
724 1179 861 1215 orant
880 1203 894 1226 ‚
934 1169 1230 1234 ignoscamus
1273 1185 1527 1236 peccatum

494 1258 637 1288 suum
657 1261 668 1286 z

232 1316 537 1377 Deduntque
557 1331 627 1372 se,
647 1312 810 1362 divina
826 1315 1136 1379 humanaque
1155 1321 1334 1378 omnia,
1353 1321 1525 1368 urbem

495 1402 543 1437 et
567 1390 738 1437 liberos
754 1426 768 1448 ‚

233 1478 294 1525 In
327 1474 562 1522 ditionem
591 1484 737 1534 atque
760 1473 810 1518 in
833 1472 1113 1521 arbitratum
1127 1509 1143 1533 ‚
1174 1477 1365 1534 cuncti,
1395 1476 1527 1524 The-

494 1546 624 1594 bano
645 1548 811 1609 poplo.

235 1634 347 1680 Post
376 1631 441 1679 ob
466 1631 696 1678 virtutem
731 1629 848 1675 hero
881 1628 1226 1692 Amphitruoni
1254 1643 1414 1694 patera
1438 1631 1526 1679 do·-

494 1715 605 1749 nata
624 1719 762 1749 aurea
783 1703 862 1760 ’st,

235 1787 340 1856 Qui
359 1785 542 1831 Pterela
564 1784 768 1844 potitare
788 1798 872 1828 rex
888 1783 1031 1829 solitu
1049 1784 1115 1829 ’st.
1146 1786 1263 1831 haec
1283 1786 1347 1832 sic
1369 1785 1525 1833 dicam

495 1859 647 1904 herae.

236 1938 380 1987 Nunc
397 1955 591 2003 pergam
613 1937 714 1982 heri
736 1937 992 1999 imperium
1014 1939 1232 1999 exsequi,
1257 1949 1305 1985 et
1325 1955 1405 1987 me
1435 1938 1528 1986 do-

494 2027 634 2057 mum
658 2026 902 2072 capessere.

589 2138 1172 2198 MERGUJQIUS.

232 2236 373 2285 ‘Atat!
398 2235 492 2280 illic
513 2234 610 2279 huc
633 2233 817 2279 ituru'st
837 2251 846 2277 ε
871 2231 953 2278 ibo
978 2247 1065 2296 ego
1088 2230 1156 2276 illi
1180 2228 1383 2276 obviam.

238 2315 412 2376 Neque
447 2328 535 2375 ego
567 2312 698 2356 hunc
731 2310 980 2356 hominem
1014 2306 1159 2352 hodie
1194 2305 1256 2351 ad
1288 2303 1410 2349 aedis
1441 2302 1521 2349 has

499 2385 646 2430 sinam
669 2401 906 2444 umquam
927 2381 1171 2427 accedere:

240 2468 452 2541 Quando
475 2467 631 2529 imago
649 2466 702 2510 ’st
724 2466 865 2527 hujus
887 2464 938 2510 in
958 2479 1061 2525 me,
1085 2472 1269 2509 certum
1290 2460 1345 2506 ’st
1365 2457 1520 2505 homi-

499 2555 614 2586 nem
637 2538 840 2585 eludere.
