1650 2826
1352 142 1439 202 283

400 236 755 304 SILUENUS
803 237 1271 288 PROLOGUS.

171 315 475 434 MJRUM
501 381 621 446 hodie
642 381 725 432 ἐι,
748 387 798 430 ni
823 395 1080 449 spectatores
1109 388 1153 431 in
1179 387 1389 431 subselliis

169 457 386 503 Ridiculos
414 468 637 524 strepunt,
670 459 884 507 tussiunt,
914 457 1119 504 rhonchos
1149 461 1287 506 cient,

172 527 433 573 Consultant
451 526 647 592 frontem
660 564 675 577 ,
709 541 750 574 et
774 546 845 575 ore
874 532 1142 593 concrepario

169 598 425 663 Frequenter
433 599 639 664 fremunt
650 636 664 648 ,
685 613 809 664 atque
826 603 937 648 male
952 604 1195 647 mussitant.

175 670 259 717 Vix
284 673 328 718 in
347 674 531 738 juventa
567 673 703 718 locum
731 675 950 719 obtineant

168 743 261 788 Aut
280 743 429 809 glabri
455 738 705 792 lzist'riones,
730 758 809 790 aut
828 745 1014 809 pervolsi
1049 746 1168 791 ludii.

217 814 294 860 uid
318 828 567 862 veternosus
578 817 728 882 prodit
758 819 1048 863 internuntius

204 904 333 934 mex,
362 890 436 951 qui
464 888 583 936 dorso
598 888 753 952 fertur
785 891 971 935 asinario
989 892 1018 934 ἒ

170 960 418 1011 Attendite,
448 978 628 1029 quaesod,
664 973 787 1027 atque
822 964 1012 1008 animum
1044 963 1275 1011 advortite,

170 1033 293 1082 Dum
330 1051 482 1080 nomen·
509 1036 636 1102 hujus
663 1036 829 1099 eloquor
860 1039 1084 1083 statariae.

171 1107 356 1170 Aequom
390 1120 453 1153 est
480 1107 671 1155 vos.De0
692 1109 848 1172 facere
875 1111 1107 1157 silentium.

176 1176 325 1238 Officio
350 1180 436 1223 oris
467 1195 547 1223 non
579 1180 695 1224 decet
719 1182 815 1226 illos
841 1184 980 1230 utier,

176 1249 312 1365 {ui
301 1267 383 1296 non
415 1261 464 1294 ut
497 1251 706 1298 clament,
725 1252 801 1297 sed
823 1265 873 1296 ut
900 1265 1112 1316 spectent,
1141 1257 1329 1300 veniunt.

219 1323 331 1367 ureis
363 1322 464 1367 date
492 1324 679 1368 otiosas;
705 1336 753 1368 at
770 1341 851 1370 non
882 1327 925 1370 in
948 1342 1133 1370 manum.

176 1391 276 1437 Has
297 1392 390 1438 volo
419 1393 568 1458 volans
592 1410 675 1439 vox
700 1411 859 1440 vacuas
875 1395 1034 1458 feriat

223 1464 300 1508 uid
327 1466 556 1512 veremini,
581 1467 688 1510 ictus
710 1484 765 1511 an
793 1469 882 1511 sint
906 1469 1046 1526 minus
1079 1470 1199 1513 noxii
1212 1503 1231 1517 ,

175 1462 271 1651 {ui
303 1543 496 1599 repetunt
517 1537 646 1584 laxa,
672 1550 749 1582 aut
776 1538 919 1584 hiulca
938 1539 1202 1584 obstruunt?

216 1610 294 1654 stis
327 1607 522 1668 benigni,
547 1610 694 1654 merito
729 1626 801 1656 vos
830 1622 979 1672 amant
1012 1612 1190 1656 coelites.

177 1678 359 1724 Factum
375 1679 430 1722 'st
451 1680 689 1745 silentium,
719 1691 862 1727 tacent
879 1683 1018 1745 pueri.

177 1750 343 1797 Novam
374 1751 435 1796 ad
457 1769 544 1798 rem
561 1755 659 1818 jam
684 1769 829 1799 novom
857 1765 1042 1817 spectate
1078 1755 1288 1800 nuntium.

178 1823 272 1907 Qui
295 1825 401 1871 sim,
430 1841 518 1889 cur*
543 1825 603 1870 ad
623 1842 694 1871 vos
721 1828 915 1874 veniam,
941 1828 1095 1890 paucis
1120 1827 1290 1888 eloquar
1306 1844 1322 1870 .-

178 1896 319 1940 Simul
336 1895 461 1962 hujus
492 1913 636 1943 nomen
658 1898 877 1961 proferam
907 1897 1162 1954 Comoediae.

177 1966 287 2012 Ecce
300 1967 436 2030 fabor
454 1971 554 2035 jam
575 1970 689 2016 vobis
707 2004 722 2026 ,
755 1970 865 2032 quod
889 1973 1116 2034 expetitis

179 2037 365 2085 Proinde
391 2057 463 2086 vos
495 2041 601 2085 mila·
618 2039 762 2105 facite
786 2042 1059 2086 audientiam.

182 2104 382 2156 Naturae
401 2108 524 2155 Deus
551 2127 671 2157 sum,
692 2110 861 2155 Bromii
893 2112 1006 2156 altor
1037 2113 1259 2179 maxumi,

182 2180 375 2228 Femineo
405 2185 478 2245 qui
493 2172 663 2249 peperit
688 2200 776 2229 rem
799 2187 1000 2230 exercitu.

182 2253 404 2370 guidquid
430 2256 599 2321 hujusce
626 2268 775 2316 gentes
795 2256 954 2319 ferunt
975 2259 1185 2321 inclytae⁴

231 2328 394 2372 onnilzil
417 2340 556 2372 nostro
577 2339 704 2389 gesta
736 2341 837 2374 sunt
858 2332 1039 2381 consilio.

184 2396 414 2460 Nunquam
441 2400 553 2463 quod
576 2401 681 2445 mihi
699 2402 869 2466 placet,
895 2403 962 2448 illi
988 2403 1190 2468 displicet.
