1650 2826
106 220 229 270 ν.ῳ
372 181 1096 248 AcT03111.sc.1
1296 206 1386 254 ‚w

109 316 252 382 Frugi
290 319 448 364 umen
472 319 618 388 sum,
653 315 746 352 nec
781 314 940 366 potest
974 303 1222 365 peculium
1260 319 1384 350 enu-

359 379 540 430 merari.

478 472 523 507 M
558 470 588 504 E
623 469 658 503 R
691 469 719 502 c
755 467 790 502 A
826 467 857 500 T
893 467 927 501 ο
965 468 1013 502 R.

116 533 332 580 Formae.

524 598 969 636 LEONIDA.

191 674 348 723 Etiam
366 687 498 718 nunc
515 671 647 718 dico:
666 670 948 732 Periphanes
965 667 1142 716 Rhodo
1160 681 1391 718 mercator

115 744 258 796 Dives
273 781 287 804 ,
306 745 497 792 absente
514 745 628 790 hero
650 745 774 790 solus
792 742 910 788 mihi
928 743 1162 788 talentum
1179 744 1357 808 argenti

19 830 39 842 ”
117 820 217 868 Soli
245 818 602 874 annumeravit,
637 827 685 862 et
716 816 837 862 mihi
867 813 1095 872 credidit,
1118 831 1281 877 neque
1310 815 1394 861 de⁴

366 902 530 952 ceptus
554 890 604 935 in
628 905 701 934 eo.

504 986 1036 1026 MERCATOR.

123 1045 344 1093 Fortasse.
679 1095 789 1102 ,-

551 1117 999 1152 LEONIDA.

310 1187 473 1249 Atque
494 1186 635 1234 etiam
656 1198 712 1232 tu
737 1202 939 1247 quoque
961 1185 1081 1247 ipse,
1105 1183 1142 1230 si
1164 1200 1276 1231 esses
1297 1201 1401 1246 per-

582 1269 831 1304 cunctatus

129 1333 210 1379 Me
234 1344 295 1380 ex
314 1333 411 1378 aliis
427 1366 441 1388 ‚
465 1333 559 1378 scio
580 1333 687 1393 plus
706 1331 913 1376 crederes
935 1346 1067 1376 nunc
1085 1329 1221 1391 quod
1237 1330 1337 1376 fers.

490 1431 535 1464 M
570 1430 600 1462 Ε
634 1431 669 1463 R
703 1431 731 1463 c
764 1429 800 1462 A
835 1430 866 1462 T
903 1430 935 1462 o
970 1430 1017 1463 R.

1005 1487 1152 1534 Haud
1167 1488 1406 1553 negassim,

392 1617 896 1676 A-CTUS
987 1618 1144 1679 111.

553 1745 978 1794 SCENAL

207 1875 731 1917 CLEAERETA,
792 1880 1343 1918 PHILENIUM.

486 1980 1063 2015 CLEAERETA.

143 2031 247 2143 N
253 2107 281 2140 E
290 2094 480 2157 QUEON’
501 2110 587 2158 ego
605 2107 652 2141 te
675 2095 932 2141 interdictis
953 2095 1102 2142 facere
1119 2108 1411 2144 mansuetam

396 2167 545 2211 meis?

144 2237 223 2286 An
258 2239 322 2285 ita
351 2251 406 2285 tu
430 2256 474 2284 es
502 2239 728 2296 animam,
754 2250 808 2285 ut
845 2240 931 2301 qui
963 2257 1127 2331 expers
1146 2242 1303 2289 matris
1326 2243 1417 2289 im-

395 2313 495 2374 peri
519 2312 634 2359 sies?

527 2405 556 2438 P
593 2403 627 2436 H
661 2403 682 2435 Ῑ
717 2403 747 2436 L
782 2403 812 2436 E
847 2405 879 2437 N
915 2405 935 2438 1
971 2404 1007 2438 U
1040 2406 1097 2439 M.

155 2465 249 2521 Ubi
273 2471 402 2531 pieni
425 2472 681 2534 Pietatem,
715 2475 751 2519 si
779 2474 868 2521 isto
891 2491 1023 2522 more
1043 2487 1273 2522 moratam
1296 2475 1385 2520 tibi
