<?xml version="1.0" encoding="UTF-8"?>
<!DOCTYPE html PUBLIC "-//W3C//DTD XHTML 1.0 Transitional//EN"
    "http://www.w3.org/TR/xhtml1/DTD/xhtml1-transitional.dtd">
<html xmlns="http://www.w3.org/1999/xhtml" xml:lang="en" lang="en">
 <head>
  <title>
</title>
<meta http-equiv="Content-Type" content="text/html;charset=utf-8" />
  <meta name='ocr-system' content='tesseract 3.04.00' />
  <meta name='ocr-capabilities' content='ocr_page ocr_carea ocr_par ocr_line ocrx_word'/>
</head>
<body>
  <div class='ocr_page' id='page_1' title='image "./comoediaesuperst01plauuoft_0398.png"; bbox 0 0 1650 2826; ppageno 0'>
   <div class='ocr_carea' id='block_1_1' title="bbox 240 143 1521 209">
    <p class='ocr_par' dir='ltr' id='par_1_1' title="bbox 240 143 1521 209">
     <span class='ocr_line' id='line_1_1' title="bbox 240 143 1521 209; baseline -0.003 0"><span class='ocrx_word' id='word_1_1' title='bbox 240 163 335 209; x_wconf 82' lang='lat'>344</span> <span class='ocrx_word' id='word_1_2' title='bbox 571 143 1200 200; x_wconf 87' lang='lat' dir='ltr'><strong>BACCHIDES.</strong></span> <span class='ocrx_word' id='word_1_3' title='bbox 1399 158 1521 205; x_wconf 84' lang='lat' dir='ltr'><strong>v.80</strong></span> 
     </span>
    </p>
   </div>
   <div class='ocr_carea' id='block_1_2' title="bbox 535 268 1230 311">
    <p class='ocr_par' dir='ltr' id='par_1_2' title="bbox 535 268 1230 311">
     <span class='ocr_line' id='line_1_2' title="bbox 535 268 1230 311; baseline 0.012 -9"><span class='ocrx_word' id='word_1_4' title='bbox 535 268 1230 311; x_wconf 23' lang='lat' dir='ltr'>PISTOCLERUms</span> 
     </span>
    </p>
   </div>
   <div class='ocr_carea' id='block_1_3' title="bbox 246 344 1525 813">
    <p class='ocr_par' dir='ltr' id='par_1_3' title="bbox 246 344 1525 813">
     <span class='ocr_line' id='line_1_3' title="bbox 248 344 1525 414; baseline 0.008 -25"><span class='ocrx_word' id='word_1_5' title='bbox 248 344 385 414; x_wconf 71' lang='lat' dir='ltr'>Quid</span> <span class='ocrx_word' id='word_1_6' title='bbox 415 344 451 390; x_wconf 87' lang='lat' dir='ltr'>si</span> <span class='ocrx_word' id='word_1_7' title='bbox 479 344 638 406; x_wconf 87' lang='lat' dir='ltr'>potius</span> <span class='ocrx_word' id='word_1_8' title='bbox 671 346 901 393; x_wconf 82' lang='lat' dir='ltr'>morbum</span> <span class='ocrx_word' id='word_1_9' title='bbox 938 360 985 394; x_wconf 88' lang='lat' dir='ltr'>et</span> <span class='ocrx_word' id='word_1_10' title='bbox 1012 361 1218 396; x_wconf 87' lang='lat' dir='ltr'>mortem</span> <span class='ocrx_word' id='word_1_11' title='bbox 1243 344 1445 398; x_wconf 76' lang='lat' dir='ltr'>scribat?</span> <span class='ocrx_word' id='word_1_12' title='bbox 1475 353 1525 399; x_wconf 86' lang='lat' dir='ltr'>id</span> 
     </span>
     <span class='ocr_line' id='line_1_4' title="bbox 498 419 834 466; baseline 0.003 -2"><span class='ocrx_word' id='word_1_13' title='bbox 498 419 584 464; x_wconf 87' lang='lat' dir='ltr'>erit</span> <span class='ocrx_word' id='word_1_14' title='bbox 603 420 784 466; x_wconf 86' lang='lat' dir='ltr'>rectius.</span> <span class='ocrx_word' id='word_1_15' title='bbox 832 444 834 446; x_wconf 31' lang='lat' dir='ltr'>v</span> 
     </span>
     <span class='ocr_line' id='line_1_5' title="bbox 536 518 1246 556; baseline 0.008 -6"><span class='ocrx_word' id='word_1_16' title='bbox 536 518 1246 556; x_wconf 80' lang='lat' dir='ltr'><strong>MNESILOCHUS.</strong></span> 
     </span>
     <span class='ocr_line' id='line_1_6' title="bbox 246 588 1361 653; baseline 0.002 -18"><span class='ocrx_word' id='word_1_17' title='bbox 246 588 319 635; x_wconf 88' lang='lat' dir='ltr'>Ne</span> <span class='ocrx_word' id='word_1_18' title='bbox 338 589 611 635; x_wconf 87' lang='lat' dir='ltr'>interturba.</span> <span class='ocrx_word' id='word_1_19' title='bbox 629 591 729 653; x_wconf 79' lang='lat' dir='ltr'>jam</span> <span class='ocrx_word' id='word_1_20' title='bbox 746 590 1031 652; x_wconf 81' lang='lat' dir='ltr'>imperatum</span> <span class='ocrx_word' id='word_1_21' title='bbox 1047 592 1097 637; x_wconf 91' lang='lat' dir='ltr'>in</span> <span class='ocrx_word' id='word_1_22' title='bbox 1115 609 1216 638; x_wconf 81' lang='lat' dir='ltr'>cera</span> <span class='ocrx_word' id='word_1_23' title='bbox 1230 592 1361 637; x_wconf 87' lang='lat' dir='ltr'>inest.</span> 
     </span>
     <span class='ocr_line' id='line_1_7' title="bbox 412 655 1174 718; baseline 0.005 -4"><span class='ocrx_word' id='word_1_24' title='bbox 412 655 413 659; x_wconf 10' lang='grc' dir='ltr'><strong>Ἰ</strong></span> <span class='ocrx_word' id='word_1_25' title='bbox 598 683 625 715; x_wconf 86' lang='lat' dir='ltr'>c</span> <span class='ocrx_word' id='word_1_26' title='bbox 662 683 695 715; x_wconf 85' lang='lat' dir='ltr'>H</span> <span class='ocrx_word' id='word_1_27' title='bbox 731 684 764 716; x_wconf 83' lang='lat' dir='ltr'>R</span> <span class='ocrx_word' id='word_1_28' title='bbox 799 684 834 716; x_wconf 85' lang='lat' dir='ltr'>Y</span> <span class='ocrx_word' id='word_1_29' title='bbox 871 683 892 717; x_wconf 94' lang='lat' dir='ltr'><strong>s</strong></span> <span class='ocrx_word' id='word_1_30' title='bbox 929 685 963 718; x_wconf 84' lang='lat' dir='ltr'>A</span> <span class='ocrx_word' id='word_1_31' title='bbox 999 686 1029 718; x_wconf 86' lang='lat' dir='ltr'>L</span> <span class='ocrx_word' id='word_1_32' title='bbox 1065 685 1099 717; x_wconf 86' lang='lat' dir='ltr'>U</span> <span class='ocrx_word' id='word_1_33' title='bbox 1137 684 1174 718; x_wconf 88' lang='lat' dir='ltr'>s.</span> 
     </span>
     <span class='ocr_line' id='line_1_8' title="bbox 961 751 1525 813; baseline 0 -15"><span class='ocrx_word' id='word_1_34' title='bbox 961 752 1051 798; x_wconf 87' lang='lat' dir='ltr'>Dic</span> <span class='ocrx_word' id='word_1_35' title='bbox 1077 751 1525 813; x_wconf 83' lang='lat' dir='ltr'>quemadmodum?</span> 
     </span>
    </p>
   </div>
   <div class='ocr_carea' id='block_1_4' title="bbox 250 849 1237 1046">
    <p class='ocr_par' dir='ltr' id='par_1_4' title="bbox 250 849 1237 1046">
     <span class='ocr_line' id='line_1_9' title="bbox 526 849 1237 885; baseline 0.004 -4"><span class='ocrx_word' id='word_1_36' title='bbox 526 849 1237 885; x_wconf 84' lang='lat' dir='ltr'>MNESILOCHUS.</span> 
     </span>
     <span class='ocr_line' id='line_1_10' title="bbox 250 917 1188 980; baseline 0 -16"><span class='ocrx_word' id='word_1_37' title='bbox 250 917 570 964; x_wconf 83' lang='lat' dir='ltr'>Mnesilochus</span> <span class='ocrx_word' id='word_1_38' title='bbox 593 919 794 964; x_wconf 79' lang='lat' dir='ltr'>salutem</span> <span class='ocrx_word' id='word_1_39' title='bbox 819 919 932 964; x_wconf 80' lang='lat' dir='ltr'>dicit</span> <span class='ocrx_word' id='word_1_40' title='bbox 950 935 1035 965; x_wconf 90' lang='lat' dir='ltr'>suo</span> <span class='ocrx_word' id='word_1_41' title='bbox 1054 919 1188 980; x_wconf 84' lang='lat' dir='ltr'>patri.</span> 
     </span>
     <span class='ocr_line' id='line_1_11' title="bbox 601 996 1181 1046; baseline 0.007 -4"><span class='ocrx_word' id='word_1_42' title='bbox 601 1011 628 1041; x_wconf 86' lang='lat' dir='ltr'>c</span> <span class='ocrx_word' id='word_1_43' title='bbox 665 1011 699 1043; x_wconf 87' lang='lat' dir='ltr'>H</span> <span class='ocrx_word' id='word_1_44' title='bbox 734 1012 766 1044; x_wconf 88' lang='lat' dir='ltr'>R</span> <span class='ocrx_word' id='word_1_45' title='bbox 805 1011 835 1043; x_wconf 84' lang='lat' dir='ltr'>Y</span> <span class='ocrx_word' id='word_1_46' title='bbox 874 1012 895 1044; x_wconf 95' lang='lat' dir='ltr'><strong>s</strong></span> <span class='ocrx_word' id='word_1_47' title='bbox 932 1013 967 1044; x_wconf 87' lang='lat' dir='ltr'>A</span> <span class='ocrx_word' id='word_1_48' title='bbox 1003 1013 1032 1045; x_wconf 87' lang='lat' dir='ltr'>L</span> <span class='ocrx_word' id='word_1_49' title='bbox 1069 1013 1102 1044; x_wconf 89' lang='lat' dir='ltr'>U</span> <span class='ocrx_word' id='word_1_50' title='bbox 1142 996 1181 1046; x_wconf 71' lang='lat' dir='ltr'>s&#39;.</span> 
     </span>
    </p>
   </div>
   <div class='ocr_carea' id='block_1_5' title="bbox 1044 1080 1528 1129">
    <p class='ocr_par' dir='ltr' id='par_1_5' title="bbox 1044 1080 1528 1129">
     <span class='ocr_line' id='line_1_12' title="bbox 1044 1080 1528 1129; baseline 0.006 -4"><span class='ocrx_word' id='word_1_51' title='bbox 1044 1080 1269 1129; x_wconf 83' lang='lat' dir='ltr'><strong>Adscribe</strong></span> <span class='ocrx_word' id='word_1_52' title='bbox 1289 1082 1381 1128; x_wconf 91' lang='lat' dir='ltr'>hoc</span> <span class='ocrx_word' id='word_1_53' title='bbox 1405 1083 1498 1128; x_wconf 85' lang='lat' dir='ltr'>cito</span> <span class='ocrx_word' id='word_1_54' title='bbox 1519 1104 1528 1128; x_wconf 91' lang='lat'>:</span> 
     </span>
    </p>
   </div>
   <div class='ocr_carea' id='block_1_6' title="bbox 254 1150 1529 1284">
    <p class='ocr_par' dir='ltr' id='par_1_6' title="bbox 254 1150 1529 1284">
     <span class='ocr_line' id='line_1_13' title="bbox 254 1150 1529 1214; baseline 0.005 -19"><span class='ocrx_word' id='word_1_55' title='bbox 254 1150 502 1212; x_wconf 83' lang='lat' dir='ltr'>Chrysalus</span> <span class='ocrx_word' id='word_1_56' title='bbox 527 1151 645 1196; x_wconf 85' lang='lat' dir='ltr'>mihi</span> <span class='ocrx_word' id='word_1_57' title='bbox 665 1167 817 1212; x_wconf 84' lang='lat' dir='ltr'>usque</span> <span class='ocrx_word' id='word_1_58' title='bbox 838 1168 1032 1213; x_wconf 90' lang='lat' dir='ltr'>quaque</span> <span class='ocrx_word' id='word_1_59' title='bbox 1049 1153 1266 1214; x_wconf 89' lang='lat' dir='ltr'>loquitur</span> <span class='ocrx_word' id='word_1_60' title='bbox 1283 1171 1370 1201; x_wconf 90' lang='lat' dir='ltr'>nec</span> <span class='ocrx_word' id='word_1_61' title='bbox 1387 1167 1529 1213; x_wconf 85' lang='lat' dir='ltr'>recte,</span> 
     </span>
     <span class='ocr_line' id='line_1_14' title="bbox 504 1234 669 1284; baseline 0 -16"><span class='ocrx_word' id='word_1_62' title='bbox 504 1234 636 1284; x_wconf 84' lang='lat' dir='ltr'>pater</span> <span class='ocrx_word' id='word_1_63' title='bbox 656 1258 669 1280; x_wconf 83' lang='lat'>‚</span> 
     </span>
    </p>
   </div>
   <div class='ocr_carea' id='block_1_7' title="bbox 250 1295 1579 1416">
    <p class='ocr_par' dir='ltr' id='par_1_7' title="bbox 250 1295 1579 1416">
     <span class='ocr_line' id='line_1_15' title="bbox 250 1295 1535 1370; baseline 0.005 -31"><span class='ocrx_word' id='word_1_64' title='bbox 250 1295 378 1365; x_wconf 70' lang='lat' dir='ltr'>Quia</span> <span class='ocrx_word' id='word_1_65' title='bbox 409 1295 497 1340; x_wconf 88' lang='lat' dir='ltr'>tibi</span> <span class='ocrx_word' id='word_1_66' title='bbox 523 1312 693 1340; x_wconf 87' lang='lat' dir='ltr'>aurum</span> <span class='ocrx_word' id='word_1_67' title='bbox 718 1295 929 1353; x_wconf 83' lang='lat' dir='ltr'>reddidi,</span> <span class='ocrx_word' id='word_1_68' title='bbox 959 1307 1006 1342; x_wconf 87' lang='lat' dir='ltr'>et</span> <span class='ocrx_word' id='word_1_69' title='bbox 1038 1297 1151 1359; x_wconf 84' lang='lat' dir='ltr'>quia</span> <span class='ocrx_word' id='word_1_70' title='bbox 1182 1315 1284 1350; x_wconf 87' lang='lat' dir='ltr'>non</span> <span class='ocrx_word' id='word_1_71' title='bbox 1306 1310 1354 1345; x_wconf 88' lang='lat' dir='ltr'>te</span> <span class='ocrx_word' id='word_1_72' title='bbox 1378 1298 1535 1370; x_wconf 81' lang='lat' dir='ltr'>defru-</span> 
     </span>
     <span class='ocr_line' id='line_1_16' title="bbox 509 1369 1579 1416; baseline 0.005 -1"><span class='ocrx_word' id='word_1_73' title='bbox 509 1369 731 1416; x_wconf 80' lang='lat' dir='ltr'>daverim.</span> <span class='ocrx_word' id='word_1_74' title='bbox 1571 1375 1579 1378; x_wconf 69' lang='grc'><strong><em>’</em></strong></span> 
     </span>
    </p>
   </div>
   <div class='ocr_carea' id='block_1_8' title="bbox 255 1474 1536 1831">
    <p class='ocr_par' dir='ltr' id='par_1_8' title="bbox 255 1474 1536 1831">
     <span class='ocr_line' id='line_1_17' title="bbox 544 1474 1242 1509; baseline 0.004 -3"><span class='ocrx_word' id='word_1_75' title='bbox 544 1474 1242 1509; x_wconf 86' lang='lat' dir='ltr'>PISTOCLERUS.</span> 
     </span>
     <span class='ocr_line' id='line_1_18' title="bbox 255 1540 767 1599; baseline 0.004 -13"><span class='ocrx_word' id='word_1_76' title='bbox 255 1540 397 1586; x_wconf 81' lang='lat' dir='ltr'>Mane</span> <span class='ocrx_word' id='word_1_77' title='bbox 413 1576 427 1599; x_wconf 83' lang='grc'>,</span> <span class='ocrx_word' id='word_1_78' title='bbox 450 1541 570 1587; x_wconf 89' lang='lat' dir='ltr'>dum</span> <span class='ocrx_word' id='word_1_79' title='bbox 596 1542 767 1588; x_wconf 86' lang='lat' dir='ltr'>scribit.</span> 
     </span>
     <span class='ocr_line' id='line_1_19' title="bbox 606 1632 1183 1668; baseline 0.002 -1"><span class='ocrx_word' id='word_1_80' title='bbox 606 1636 632 1667; x_wconf 93' lang='lat' dir='ltr'>C</span> <span class='ocrx_word' id='word_1_81' title='bbox 669 1634 701 1666; x_wconf 90' lang='lat' dir='ltr'>H</span> <span class='ocrx_word' id='word_1_82' title='bbox 738 1635 771 1667; x_wconf 90' lang='lat' dir='ltr'>R</span> <span class='ocrx_word' id='word_1_83' title='bbox 806 1634 842 1667; x_wconf 91' lang='lat' dir='ltr'><strong>Y</strong></span> <span class='ocrx_word' id='word_1_84' title='bbox 878 1635 899 1668; x_wconf 94' lang='lat' dir='ltr'>S</span> <span class='ocrx_word' id='word_1_85' title='bbox 938 1634 972 1668; x_wconf 93' lang='lat' dir='ltr'>A</span> <span class='ocrx_word' id='word_1_86' title='bbox 1008 1635 1039 1668; x_wconf 88' lang='lat' dir='ltr'>L</span> <span class='ocrx_word' id='word_1_87' title='bbox 1074 1632 1109 1666; x_wconf 91' lang='lat' dir='ltr'>U</span> <span class='ocrx_word' id='word_1_88' title='bbox 1147 1634 1183 1668; x_wconf 87' lang='lat' dir='ltr'>S.</span> 
     </span>
     <span class='ocr_line' id='line_1_20' title="bbox 542 1703 1536 1766; baseline 0.002 -19"><span class='ocrx_word' id='word_1_89' title='bbox 542 1703 755 1748; x_wconf 82' lang='lat' dir='ltr'>Celerem</span> <span class='ocrx_word' id='word_1_90' title='bbox 779 1715 968 1766; x_wconf 82' lang='lat' dir='ltr'>oportet</span> <span class='ocrx_word' id='word_1_91' title='bbox 986 1721 1079 1750; x_wconf 86' lang='lat' dir='ltr'>esse</span> <span class='ocrx_word' id='word_1_92' title='bbox 1097 1705 1312 1750; x_wconf 83' lang='lat' dir='ltr'>amatoris</span> <span class='ocrx_word' id='word_1_93' title='bbox 1326 1720 1536 1751; x_wconf 88' lang='lat' dir='ltr'>manum.</span> 
     </span>
     <span class='ocr_line' id='line_1_21' title="bbox 547 1797 1246 1831; baseline 0.001 -2"><span class='ocrx_word' id='word_1_94' title='bbox 547 1797 1246 1831; x_wconf 83' lang='lat' dir='ltr'><strong>PISTOCLERUS.</strong></span> 
     </span>
    </p>
   </div>
   <div class='ocr_carea' id='block_1_9' title="bbox 257 1862 1536 1996">
    <p class='ocr_par' dir='ltr' id='par_1_9' title="bbox 257 1862 1536 1996">
     <span class='ocr_line' id='line_1_22' title="bbox 257 1862 1536 1928; baseline 0 -19"><span class='ocrx_word' id='word_1_95' title='bbox 257 1862 420 1924; x_wconf 85' lang='lat' dir='ltr'><strong>Atque</strong></span> <span class='ocrx_word' id='word_1_96' title='bbox 456 1862 587 1908; x_wconf 88' lang='lat' dir='ltr'>idern</span> <span class='ocrx_word' id='word_1_97' title='bbox 628 1865 784 1910; x_wconf 88' lang='lat' dir='ltr'>hercle</span> <span class='ocrx_word' id='word_1_98' title='bbox 819 1876 886 1910; x_wconf 86' lang='lat' dir='ltr'>est</span> <span class='ocrx_word' id='word_1_99' title='bbox 921 1864 981 1910; x_wconf 87' lang='lat' dir='ltr'>ad</span> <span class='ocrx_word' id='word_1_100' title='bbox 1015 1865 1327 1926; x_wconf 86' lang='lat' dir='ltr'>perdundum</span> <span class='ocrx_word' id='word_1_101' title='bbox 1362 1864 1503 1928; x_wconf 86' lang='lat' dir='ltr'>magis</span> <span class='ocrx_word' id='word_1_102' title='bbox 1523 1899 1536 1921; x_wconf 87' lang='lat'>‚</span> 
     </span>
     <span class='ocr_line' id='line_1_23' title="bbox 519 1937 1241 1996; baseline 0.003 -15"><span class='ocrx_word' id='word_1_103' title='bbox 519 1952 667 1996; x_wconf 84' lang='lat' dir='ltr'>quam</span> <span class='ocrx_word' id='word_1_104' title='bbox 691 1937 752 1982; x_wconf 87' lang='lat' dir='ltr'>ad</span> <span class='ocrx_word' id='word_1_105' title='bbox 778 1937 1082 1983; x_wconf 87' lang='lat' dir='ltr'>scribendum</span> <span class='ocrx_word' id='word_1_106' title='bbox 1111 1938 1241 1984; x_wconf 88' lang='lat' dir='ltr'>citus.</span> 
     </span>
    </p>
   </div>
   <div class='ocr_carea' id='block_1_10' title="bbox 256 2030 1262 2156">
    <p class='ocr_par' dir='ltr' id='par_1_10' title="bbox 256 2030 1262 2156">
     <span class='ocr_line' id='line_1_24' title="bbox 546 2030 1262 2065; baseline 0.001 -2"><span class='ocrx_word' id='word_1_107' title='bbox 546 2030 1262 2065; x_wconf 82' lang='lat' dir='ltr'><strong>MNESILOCHUS.</strong></span> 
     </span>
     <span class='ocr_line' id='line_1_25' title="bbox 256 2095 973 2156; baseline 0.006 -16"><span class='ocrx_word' id='word_1_108' title='bbox 256 2095 506 2156; x_wconf 84' lang='lat' dir='ltr'>Loquere:</span> <span class='ocrx_word' id='word_1_109' title='bbox 530 2095 623 2143; x_wconf 92' lang='lat' dir='ltr'>hoc</span> <span class='ocrx_word' id='word_1_110' title='bbox 645 2098 870 2143; x_wconf 86' lang='lat' dir='ltr'>scribtum</span> <span class='ocrx_word' id='word_1_111' title='bbox 894 2109 973 2144; x_wconf 83' lang='lat' dir='ltr'>est.</span> 
     </span>
    </p>
   </div>
   <div class='ocr_carea' id='block_1_11' title="bbox 613 2197 1196 2231">
    <p class='ocr_par' dir='ltr' id='par_1_11' title="bbox 613 2197 1196 2231">
     <span class='ocr_line' id='line_1_26' title="bbox 613 2197 1196 2231; baseline -0.002 -2"><span class='ocrx_word' id='word_1_112' title='bbox 613 2197 1196 2231; x_wconf 84' lang='lat' dir='ltr'>CHRYSALUS.</span> 
     </span>
    </p>
   </div>
   <div class='ocr_carea' id='block_1_12' title="bbox 261 2249 1538 2474">
    <p class='ocr_par' dir='ltr' id='par_1_12' title="bbox 261 2249 1538 2474">
     <span class='ocr_line' id='line_1_27' title="bbox 359 2249 1538 2330; baseline 0.001 -19"><span class='ocrx_word' id='word_1_113' title='bbox 359 2267 502 2313; x_wconf 85' lang='lat' dir='ltr'>Nunc</span> <span class='ocrx_word' id='word_1_114' title='bbox 515 2303 527 2324; x_wconf 83' lang='lat'>,</span> <span class='ocrx_word' id='word_1_115' title='bbox 543 2281 676 2329; x_wconf 81' lang='lat' dir='ltr'>pater</span> <span class='ocrx_word' id='word_1_116' title='bbox 689 2270 756 2314; x_wconf 87' lang='lat' dir='ltr'>mi</span> <span class='ocrx_word' id='word_1_117' title='bbox 771 2305 783 2326; x_wconf 64' lang='lat' dir='ltr'>a</span> <span class='ocrx_word' id='word_1_118' title='bbox 799 2271 950 2330; x_wconf 84' lang='lat' dir='ltr'>proin’</span> <span class='ocrx_word' id='word_1_119' title='bbox 965 2282 1019 2315; x_wconf 86' lang='lat' dir='ltr'>tu</span> <span class='ocrx_word' id='word_1_120' title='bbox 1037 2270 1096 2316; x_wconf 85' lang='lat' dir='ltr'>ab</span> <span class='ocrx_word' id='word_1_121' title='bbox 1111 2287 1167 2315; x_wconf 89' lang='lat' dir='ltr'>eo</span> <span class='ocrx_word' id='word_1_122' title='bbox 1185 2281 1239 2314; x_wconf 93' lang='lat' dir='ltr'>ut</span> <span class='ocrx_word' id='word_1_123' title='bbox 1254 2249 1408 2314; x_wconf 57' lang='lat' dir='ltr'>cgveas</span> <span class='ocrx_word' id='word_1_124' title='bbox 1426 2268 1538 2326; x_wconf 77' lang='lat' dir='ltr'><strong>tibi,</strong></span> 
     </span>
     <span class='ocr_line' id='line_1_28' title="bbox 263 2339 1538 2402; baseline 0 -16"><span class='ocrx_word' id='word_1_125' title='bbox 263 2339 601 2402; x_wconf 82' lang='lat' dir='ltr'>Sycophantias</span> <span class='ocrx_word' id='word_1_126' title='bbox 620 2342 871 2402; x_wconf 78' lang='lat' dir='ltr'>conponit,</span> <span class='ocrx_word' id='word_1_127' title='bbox 887 2358 1056 2387; x_wconf 85' lang='lat' dir='ltr'>aurum</span> <span class='ocrx_word' id='word_1_128' title='bbox 1077 2352 1130 2386; x_wconf 88' lang='lat' dir='ltr'>ut</span> <span class='ocrx_word' id='word_1_129' title='bbox 1147 2341 1226 2385; x_wconf 87' lang='lat' dir='ltr'>abs</span> <span class='ocrx_word' id='word_1_130' title='bbox 1244 2339 1325 2385; x_wconf 88' lang='lat' dir='ltr'>ted</span> <span class='ocrx_word' id='word_1_131' title='bbox 1342 2340 1538 2386; x_wconf 81' lang='lat' dir='ltr'>auferat:</span> 
     </span>
     <span class='ocr_line' id='line_1_29' title="bbox 261 2410 1496 2474; baseline 0.001 -16"><span class='ocrx_word' id='word_1_132' title='bbox 261 2410 322 2458; x_wconf 90' lang='lat' dir='ltr'>Et</span> <span class='ocrx_word' id='word_1_133' title='bbox 339 2410 553 2472; x_wconf 86' lang='lat' dir='ltr'>profecto</span> <span class='ocrx_word' id='word_1_134' title='bbox 568 2429 614 2457; x_wconf 85' lang='lat' dir='ltr'>se</span> <span class='ocrx_word' id='word_1_135' title='bbox 635 2414 905 2460; x_wconf 84' lang='lat' dir='ltr'>ablaturum</span> <span class='ocrx_word' id='word_1_136' title='bbox 923 2414 1053 2459; x_wconf 77' lang='lat' dir='ltr'>dixit.</span> <span class='ocrx_word' id='word_1_137' title='bbox 1075 2414 1215 2474; x_wconf 81' lang='lat' dir='ltr'>plane</span> <span class='ocrx_word' id='word_1_138' title='bbox 1233 2412 1496 2459; x_wconf 82' lang='lat' dir='ltr'>adscribito.</span> 
     </span>
    </p>
   </div>
  </div>
 </body>
</html>
