1650 2826
120 193 247 241 v.fi2
360 187 648 237 Acrus
695 187 774 234 11.
820 184 921 234 sc.
954 185 1126 233 v111.
1296 201 1388 249 509

536 307 969 344 STALINO

364 380 500 451 Quid
527 397 646 442 opus
672 391 739 426 est
756 415 770 437 ‚
791 379 986 447 quando
1005 394 1128 426 uxor
1151 380 1284 427 dorni
1299 382 1351 427 ’st
1365 381 1388 427 {²

126 455 194 502 Ea
213 454 441 519 lingulaca
468 454 604 501 nobis
627 463 723 500 est:
759 469 871 499 nam
895 468 1163 513 numquam
1191 464 1324 500 tacet.

530 558 563 591 ο
599 558 629 590 L
664 558 699 590 Y
735 557 778 590 M
815 558 843 590 1³
879 558 899 589 1
936 557 984 590 o.
1050 593 1061 600 ,

127 631 187 678 In
214 646 264 676 re
294 629 554 692 praesenti,
580 644 640 675 ex
666 629 801 690 copia
832 628 1021 690 piscaria

130 703 384 751 Consulere
397 736 411 759 ,
434 701 554 762 quid
574 717 728 746 emam
745 734 759 757 ,
787 711 989 761 oportet.

542 803 976 839 STALINO.

899 879 1126 941 Aequom
1153 897 1252 927 oras
1270 916 1284 939 ,
1308 882 1397 929 abi.

130 958 342 1024 Argento
367 956 494 1019 parci
519 957 666 1002 nolo:
701 953 932 1000 obsonato
957 954 1186 1014 ampliter.

132 1032 258 1078 Nam
286 1031 403 1077 mihi
425 1031 582 1076 vicino
606 1030 698 1075 hoc
728 1028 868 1074 etiarn
893 1039 1133 1074 convento
1153 1029 1206 1074 'st
1230 1045 1348 1092 opus
1365 1063 1379 1087 ‚

134 1103 202 1150 Ut
224 1102 360 1165 quod
380 1101 629 1157 mandavi,
650 1111 793 1145 curet.
831 1127 837 1132 ν

543 1199 992 1235 OLYMPIO.

838 1272 1009 1329 Jamne
1037 1275 1156 1321 abeo
1172 1275 1194 1321 ?-

561 1375 992 1409 STALINO.

1225 1436 1364 1485 Volo.

520 1528 547 1560 C
586 1528 620 1561 H
656 1527 690 1561 A
726 1528 756 1560 L
792 1527 879 1560 I'N
916 1527 950 1559 U
987 1526 1024 1559 S.

146 1603 319 1653 Tribus
344 1621 445 1651 non
471 1606 674 1652 conduci
700 1606 874 1667 possim
901 1606 1218 1663 libertatibus,

148 1680 287 1747 Quin
313 1695 399 1742 ego
416 1679 502 1724 illis
527 1678 672 1724 hodie
692 1695 944 1740 conparem
961 1695 1188 1743 magnum
1206 1681 1407 1731 malum3

148 1751 384 1821 Quinque
407 1751 527 1796 hanc
553 1768 749 1798 omnem
777 1768 879 1798 rem
907 1769 1040 1798 meae
1068 1754 1205 1799 herae
1224 1754 1326 1817 jam
1346 1754 1415 1799 fa·-

399 1824 520 1869 ciam
549 1826 716 1885 palam.

150 1896 398 1943 Manifesto
428 1908 568 1943 teneo
595 1899 643 1943 in
675 1914 800 1943 noxa
822 1899 1034 1945 inimicos
1059 1916 1203 1945 meos.

153 1970 247 2017 Sed
277 1970 312 2014 si
343 1986 472 2015 nunc
503 1970 651 2016 facere
678 1972 782 2016 volt
813 1972 923 2016 hera
951 1972 1158 2016 officium
1186 1989 1350 2027 suum,

153 2042 501 2088 Nostrafomnis
531 2043 584 2087 lis
613 2054 705 2088 est:
736 2043 932 2104 pulchre
956 2055 1221 2103 praevortar
1238 2043 1382 2089 viros:

154 2116 327 2162 Nostro
362 2115 522 2161 omine
550 2116 587 2160 it
617 2115 742 2160 dies:
771 2117 870 2179 jam
905 2116 1018 2161 victi
1048 2116 1259 2161 vicimus.

154 2190 246 2236 Ibo
279 2189 432 2234 intro:
456 2199 512 2234 ut
542 2188 618 2245 id,
644 2190 778 2251 quod
806 2189 920 2235 alius
942 2188 1156 2235 condivit
1183 2205 1321 2235 cocus
1339 2224 1355 2248 ,

155 2261 257 2325 Ego
288 2277 418 2307 nunc
448 2260 645 2306 vicissim
676 2273 730 2306 ut
751 2261 842 2306 alio
871 2272 1009 2322 pacto
1041 2260 1290 2318 condiam‚

157 2332 414 2401 Quidquid
438 2345 654 2394 paratum
676 2334 730 2379 ’st
745 2368 759 2390 ‚
786 2347 841 2380 ut
869 2346 1166 2395 paratumne
1191 2334 1303 2380 siet:

158 2404 351 2467 Sietque
382 2407 424 2454 ei
450 2419 694 2468 paratum,
723 2406 859 2469 quod
878 2418 1094 2469 paratum
1120 2423 1220 2452 non
1249 2417 1356 2452 erat.
