1650 2826
200 211 293 254 ⁴204
550 191 1135 239 PROLOGUS.
1287 164 1484 246 'ma

197 303 371 349 Pariter
396 312 639 347 moratum
654 336 668 358 ‚
691 312 747 347 ut
769 312 900 363 pater
923 318 1133 363 avosque
1160 302 1302 367 hujus
1333 303 1438 351 fuit.

198 377 327 422 Huic
348 376 442 421 filia
469 391 565 421 una
589 386 668 420 est.
700 392 754 421 ea
779 376 899 421 mihi
923 376 1100 421 cotidie

197 449 298 495 Aut
313 450 453 494 thure
468 483 483 505 ,
497 459 580 496 aut
595 449 713 495 vino
728 483 742 506 ,
760 460 843 496 aut
861 449 1010 510 aliqui
1028 463 1218 511 semper
1230 453 1462 515 supplicat
1474 472 1490 501 :-

198 523 295 569 Dat
325 522 447 567 mihi
470 538 678 568 coronaS.
722 523 820 586 ejus
849 523 1041 570 honoris
1069 524 1213 587 gratia

198 597 337 654 Feci,
371 598 729 643 thesaurum·ut
754 597 831 642 hic
860 598 1084 659 reperiret
1109 598 1278 645 Euclio
1294 633 1310 658 ‚

199 673 318 742 Quo
346 689 450 718 eam
479 672 657 718 facilius
685 683 929 732 nuptum,
952 672 988 717 si
1010 672 1154 719 vellet
1170 706 1184 730 ,
1213 673 1358 721 daret.

199 747 327 791 Nam
350 745 607 806 conpressit
638 762 740 790 eam
772 745 832 790 de
860 761 1049 790 summo
1072 745 1342 793 adulescens
1364 748 1493 796 locor

203 819 247 863 Is
270 819 354 864 scit
376 819 647 864 adulescens
661 854 674 876 ,
701 835 823 879 quae
845 818 928 875 sit,
954 836 1102 879 quam
1131 820 1464 882 conpresserit:

199 891 287 936 Illa
304 891 444 937 illum
467 892 614 938 nescit
626 927 640 948 ⁷
658 908 820 953 neque
844 908 1141 954 conpressam
1163 905 1324 940 autem
1342 906 1488 956 pater.

202 965 322 1010 Eam
341 980 429 1027 ego
443 964 588 1010 hodie
606 964 772 1011 faciam
785 1000 798 1022 ‚
819 976 875 1011 ut
892 966 969 1012 hic
987 981 1131 1011 senex
1147 965 1206 1012 de
1222 983 1470 1028 proxumo.

202 1036 303 1083 Sibi
326 1053 529 1085 uxorem
551 1049 726 1098 poscat.
753 1037 804 1083 id
828 1054 880 1084 ea
897 1037 1063 1084 faciam
1084 1039 1255 1103 gratia,

207 1109 325 1178 Quo
349 1108 428 1153 ille
452 1124 555 1153 eam
581 1108 759 1155 facilius
789 1109 959 1167 ducat,
989 1111 1076 1171 qui
1098 1122 1434 1172 conpresserat..

203 1183 265 1229 Et
292 1182 369 1227 hic
397 1181 485 1242 qui
511 1194 676 1242 poscet
700 1199 805 1228 eam
818 1183 906 1229 sibi
932 1200 1136 1229 uxorem
1155 1199 1327 1243 senex,

204 1256 249 1300 Is
277 1254 587 1300 adulescentis
617 1255 741 1301 illius
772 1266 840 1301 est
871 1257 1132 1301 avonculus
1151 1289 1166 1312 ‚

206 1327 309 1396 Qui
343 1326 473 1372 illam
501 1327 732 1387 stupravit
765 1338 917 1373 noctu
933 1362 946 1385 ‚
972 1327 1146 1373 Cereris
1168 1328 1351 1392 vigiliis.

206 1399 301 1447 Sed
334 1400 411 1446 hic
443 1417 588 1446 senex
614 1401 717 1464 jam
747 1401 915 1447 clamat
940 1401 1097 1457 intus,
1121 1411 1178 1447 ut
1207 1402 1340 1448 solet.

207 1474 373 1520 Anum
402 1473 519 1520 foras
548 1474 786 1532 extrudit,
814 1491 876 1520 ne
903 1474 961 1520 sit
984 1475 1179 1521 conscia.

211 1546 368 1595 Credo
391 1564 563 1595 aurum
590 1547 818 1611 inspicere
839 1548 971 1609 volt,
990 1563 1052 1596 ne
1071 1557 1341 1612 surreptum
1357 1547 1468 1596 sieta.
