1650 2826
123 171 281 209 v.101
378 153 836 222 *ACTUSQIV
891 152 995 200 SC.
1047 153 1149 199 lx:
1302 154 1392 214 367

352 240 355 242 ’
472 263 1047 304 NiCOBULUS.

754 340 884 386 Hem
915 351 1097 402 specta,
1129 351 1236 387 tum
1271 341 1394 387 scies.
1468 336 1477 351 ‘

467 448 496 481 c
531 446 565 480 11
602 445 635 478 R
669 445 703 487 Y
740 443 763 477 s
799 444 833 478 A
867 443 897 478 Ι,
935 444 968 477 U
1007 443 1045 477 s.

130 528 197 577 Ut
221 525 308 591 qui
329 525 531 587 deliquit
546 558 561 582 ‚
594 523 805 585 supplex·
820 531 887 567 est
916 521 1043 567 ultro
1074 522 1320 568 omnibus!

110 620 113 621 ’
156 622 157 625 ’
239 600 243 603 ’
467 625 500 658 N
538 624 558 656 1
594 623 621 654 c
658 622 690 655 o
729 622 757 654 n
794 622 827 655 u
864 621 895 654 1.
931 621 966 654 u
1008 622 1045 656 s.

132 703 292 756 Nunc.
301 701 335 747 si
363 716 442 747 me
465 698 528 743 fas
564 708 630 742 est
660 696 896 741 obsecrare
918 694 998 740 abs
1020 706 1095 753 te,
1114 707 1271 757 pater,

53 772 57 775 ’
129 773 206 822 Da
220 773 339 819 mihi
353 771 585 818 ducentos
602 783 827 813 nummos
843 766 1086 828 Philippos
1097 780 1176 834 ,pte
1196 768 1402 815 obsecro.
1427 781 1436 789 ·

480 872 508 904 C
545 870 578 902 Η
614 869 658 902 R‘
683 869 716 901 Y
754 869 777 902 S
813 869 848 901 A
882 869 911 902 I..
948 869 983 902 U
1025 870 1064 904 S·

118 925 204 994 *Ne
230 930 388 994 unum
418 944 619 1009 quidem
641 944 820 1000 hercle,
844 942 878 987 si
904 943 1033 1005 sapis.

480 1043 514 1076 N
550 1043 571 1075 1
605 1043 632 1075 C
669 1043 701 1076 Ο
737 1043 766 1074 Β
802 1042 837 1075 U
872 1043 902 1076 L
938 1042 973 1075 U
1010 1044 1048 1077 S.

1010 1118 1120 1164 Sine
1147 1120 1402 1184 pellegam:

134 1194 236 1257 Ego
253 1191 584 1256 jusjurandum
609 1190 761 1236 verbis
789 1192 1027 1252 conceptis
1052 1191 1195 1249 dedi,

137 1270 377 1316 Daturum
402 1268 452 1312 id
480 1283 559 1311 me
593 1265 737 1310 hodie
761 1265 946 1310 mulieri
966 1277 1074 1311 ante
1092 1283 1341 1326 vesperum
1360 1301 1375 1323 ‚

138 1342 418 1400 Priusquam
436 1355 461 1383 a
478 1355 556 1383 me
582 1337 741 1382 abiret.
759 1353 913 1393 nunc,
932 1348 1086 1398 pater,
1105 1354 1166 1382 ne
1183 1339 1408 1401 pejerem,

140 1413 264 1460 Cura
282 1446 296 1469 ,
318 1422 464 1471 atque
497 1408 679 1454 abduce
710 1425 789 1454 me
815 1410 926 1454 hinc
950 1409 1009 1454 ab
1032 1410 1146 1466 hac,
1172 1421 1410 1470 quantum

391 1493 547 1544 potest
564 1516 578 1537 ‚

141 1562 305 1630 Quam
332 1568 527 1618 propter
555 1566 744 1600 tantum
775 1554 936 1599 damni
962 1553 1052 1599 feci
1082 1565 1129 1599 et
1157 1553 1314 1618 flagiti.

143 1633 269 1678 Cave
295 1629 384 1674 tibi
410 1627 604 1673 ducenti
628 1626 817 1672 nummi
845 1625 1047 1671 dividiae
1069 1625 1217 1671 fuant.

145 1704 374 1759 Sexcenta
394 1713 523 1747 tanta
542 1700 735 1746 reddam
752 1736 765 1758 ‚
795 1700 831 1745 si
855 1700 966 1745 vivo
980 1734 993 1756 ,
1011 1699 1111 1745 tibi.

142 1776 286 1834 Vale,
301 1787 446 1836 atque
464 1775 579 1820 haec
601 1790 721 1820 cura.
746 1772 881 1843 Quid
906 1788 1037 1818 nunc
1061 1742 1241 1829 censes,
1262 1772 1413 1835 Chry-

399 1847 488 1892 sale
505 1846 527 1892 Ξ>

497 1946 524 1977 c
559 1945 593 1977 H
629 1946 662 1979 R
697 1946 731 1977 Y
768 1945 790 1978 s
826 1945 861 1978 A
894 1945 924 1977 L
962 1945 997 1976 U
1028 1945 1066 1978 s.

146 2021 278 2066 Nihil
306 2036 392 2083 ego
421 2019 509 2065 tibi
540 2020 684 2065 hodie
712 2019 874 2064 consili
901 2010 1167 2079 quidquam
1196 2019 1348 2065 dabo:

146 2095 320 2155 Neq'ue
349 2111 446 2159 ego
460 2095 589 2140 haud
620 2095 898 2140 conmittam
914 2129 928 2151 ,
947 2105 1002 2139 ut
1017 2127 1031 2151 ,
1050 2093 1087 2138 si
1112 2093 1232 2153 quid
1252 2110 1416 2154 pecca-

398 2178 504 2213 tum
537 2178 619 2212 s1et
636 2201 650 2223 ,

146 2240 321 2286 Fecisse
348 2239 468 2285 dicas
498 2239 558 2290 de
587 2256 692 2285 mea
719 2239 961 2286 sententia.

148 2312 351 2371 Verum,
378 2325 433 2359 ut
457 2331 543 2377 ego
564 2315 733 2375 opinor
749 2348 762 2370 ,
783 2314 818 2358 si
837 2331 923 2377 ego
948 2314 996 2359 in
1021 2315 1134 2361 istoc
1156 2315 1269 2361 siem
1290 2317 1416 2373 loco,

152 2383 277 2431 Dem
291 2386 450 2446 potius
464 2403 649 2445 auxum,
667 2403 814 2447 quam
833 2386 970 2432 illurn
987 2388 1237 2449 conrumpi
1255 2388 1414 2433 sinam.
