1650 2826
114 206 156 239 v.
178 201 237 248 14
554 176 861 238 Ac‘rns‘
890 178 976 226 vg
1297 183 1401 246 269-

475 297 1034 351 sfrnoBIL-us.

787 368 898 412 Atat
921 369 1133 413 incassum
1156 372 1387 431 quaeritas.

459 469 493 502 1.
524 455 622 501 Y'c
658 468 691 501 o
731 468 765 500 N
800 467 823 499 1
858 466 895 498 D
930 466 960 498 Ε
996 465 1033 498 ε.

112 546 163 594 1,
186 556 228 591 et
254 544 390 591 redde.
418 561 494 607 ego
524 545 583 591 ad
606 561 744 590 senem
756 560 961 608 propero,
982 555 1032 588 ut
1047 543 1151 606 quid
1171 546 1352 590 comitiis

113 618 345 665 Proxumis
370 618 549 666 videam.
578 618 716 665 Senex
747 618 892 664 aulam
924 619 1024 663 auri
1040 617 1260 682 perdidit,
1292 617 1389 663 Me-

354 692 544 753 gadorus

112 771 347 835 Repudium
373 774 606 818 renuntiat.
623 771 775 835 filiam
791 773 1002 835 peperisse
1027 773 1131 818 vitio
1159 773 1344 817 resciit.-

470 866 494 901 S
531 867 563 899 T
596 867 631 900 R
667 866 699 899 Ο
734 865 764 898 Β
796 866 819 898 Ι
854 867 885 899 L
921 866 956 899 U
992 866 1030 901 S.

734 970 738 973 .
1270 919 1389 967 Hero

115 991 236 1040 Meo,
266 1002 471 1054 quantum
502 1008 578 1053 ego
612 991 760 1040 video,
788 1008 907 1039 nemo
932 1004 996 1039 est
1031 992 1259 1054 benignior.
1296 995 1389 1041 Alii

363 1081 446 1110 non
462 1065 586 1126 >quod

114 1145 337 1190 Inventum
367 1158 430 1190 est
458 1162 538 1191 non
564 1147 790 1196 occulunt,
819 1135 938 1192 modo
969 1159 1158 1209 negant:
1184 1149 1385 1194 oeculunt

362 1219 590 1279 vaniloqui.

114 1296 202 1341 Sed
226 1296 348 1342 aliud
370 1309 471 1361 post
498 1298 620 1343 aliud
642 1300 681 1343 si
705 1315 788 1360 qua
808 1301 868 1343 sit
887 1300 1200 1361 opportunitas,
1229 1299 1387 1364 lzarpa-

363 1379 519 1429 gatum
1119 1379 1139 1400 ⁸

122 1448 302 1494 Volunt.-
333 1450 374 1493 si
395 1448 636 1493 Eleusiniae
667 1450 755 1496 sit,
776 1448 962 1512 facilem
983 1447 1126 1495 Deam
1153 1451 1388 1500 creditam,-

366 1523 406 1566 si
443 1516 637 1583 Colytto,

116 1600 216 1646 Non
242 1600 384 1648 videre
417 1618 537 1663 quem
577 1593 739 1647 bafflat.
783 1602 859 1648 Ita
891 1618 1020 1665 neque
1055 1606 1231 1651 amicis,
1259 1620 1390 1667 neque

370 1675 591 1734 cognatis,

116 1752 263 1815 Neque
275 1751 380 1798 Diis
387 1764 601 1818 parcunt.
620 1752 719 1798 dum
742 1752 840 1798 bene
850 1819 853 1821 Δ
855 1766 1047 1817 parcant
1066 1756 1158 1800 sihi.
1181 1757 1279 1800 istic
1294 1757 1389 1817 qui-

369 1825 487 1872 dem,

118 1902 188 1947 Ne
214 1904 415 1948 miserm
426 1902 579 1966 faciat
602 1921 767 1953 senem,
800 1917 877 1951 aut
905 1907 1023 1953 illius
1034 1907 1262 1970 familiam
1287 1924 1389 1970 opu-

372 1975 556 2023 lentam,

120 2054 231 2100 Auri
271 2054 443 2103 aulam,
480 2056 720 2116 grandem,
758 2069 980 2106 onustam,
1005 2059 1204 2121 plenam,
1238 2057 1393 2121 referri

358 2128 514 2192 jubet,

4 2253 6 2255 ,
72 2197 78 2212 ⁸
125 2206 186 2254 Ut
216 2224 260 2253 se
282 2208 435 2272 faciat
467 2210 566 2254 olim
593 2211 819 2258 miserum,
852 2222 976 2273 atque
1003 2227 1125 2256 suam
1149 2210 1388 2274 familiam.

0 2413 10 2663 ι

302 2328 306 2333 ,
371 2283 453 2326 Ast
486 2299 561 2342 ego
582 2294 752 2345 partem

123 2360 346 2424 Impartiri
375 2363 551 2411 malim,
585 2362 692 2409 unde
719 2364 916 2411 redimar.
948 2363 1081 2438 „Quod
1098 2377 1241 2413 vortat
1264 2367 1388 2415 bene,

367 2451 493 2498 picus
