1650 2826
260 206 356 238 220
579 184 1219 233 AULULARIA.
1409 188 1549 251 v2633

710 307 1081 341 EUCLIO.

257 394 328 442 Eo
357 392 463 440 dico
478 425 490 449 ‚
515 406 578 437 ne
599 407 677 437 me
706 391 945 437 thesauros
970 392 1187 454 reperisse
1214 408 1417 445 censeas⁴⁴

607 496 651 529 M
685 496 714 528 Ε
753 496 786 528 G
823 496 858 528 A
894 496 928 528 D
968 497 1000 529 o
1036 498 1071 530 R
1108 497 1143 530 U
1177 497 1225 531 84.

256 580 412 638 Novi«,
437 595 498 625 ne
522 577 706 626 doceas.v
730 577 989 639 desponde.

704 679 736 712 E
775 679 808 711 U
846 678 873 710 C
909 678 942 711 L
977 677 1000 710 I
1035 677 1085 711 O.

800 787 817 798 -
866 758 981 804 Fiat.
1009 757 1092 804 sed
1109 791 1124 816 ‚
1150 761 1273 821 proh
1295 761 1555 824 juppiter?

255 826 371 873 Non
393 843 481 892 ego
508 825 729 887 disperii?

585 931 627 963 M
665 931 693 962 E
733 929 766 962 G
803 929 837 961 A
874 929 915 961 D
947 929 981 963 Θ
1018 931 1051 963 R
1089 929 1125 963 U
1163 930 1212 965 S..

465 1010 602 1081 Quid
626 1009 715 1056 tibi
743 1007 851 1053 est?‘

707 1111 737 1142 Ε
775 1110 809 1142 U
847 1111 874 1143 c
910 1111 940 1144 L
977 1112 997 1144 1
1035 1111 1083 1144 o.

646 1181 784 1252 Quid
814 1182 998 1243 crepuit
1017 1183 1149 1243 quasi
1170 1181 1348 1231 fertum
1362 1182 1557 1233 modo?³

613 1287 656 1320 M
693 1289 722 1320 E
761 1289 795 1321 G
830 1287 864 1320 A
901 1290 936 1320 D
974 1290 1006 1322 o
1042 1291 1076 1323 R
1113 1289 1149 1322 U
1187 1289 1227 1323 s.

258 1367 350 1413 Hic
387 1365 517 1428 apud
554 1382 634 1411 me
669 1355 866 1411 hortum
905 1366 1161 1414 confodere
1183 1368 1322 1433 jussi⁰>
1343 1365 1425 1412 sed
1449 1365 1557 1415 ‘ubi-I,

511 1439 588 1485 hic
620 1450 687 1485 est
716 1440 904 1485 homo?

258 1523 390 1570 Abiit
407 1558 420 1580 ‚
448 1539 610 1583 neque
640 1538 719 1568 me
749 1522 998 1568 certiorem
1024 1522 1161 1569 fecit:
1195 1520 1371 1569 fastidit
1396 1520 1506 1568 mei.

259 1596 388 1666 Quia
416 1595 549 1641 videt
578 1612 657 1641 me
688 1612 819 1659 suam
843 1595 1100 1641 amicitiam
1124 1596 1247 1642 velle
1263 1589 1435 1652 {more
1453 1593 1554 1639 ho«

513 1669 703 1715 minum
731 1669 853 1716 facit.

259 1750 383 1796 Nam
406 1751 440 1796 si
464 1751 722 1811 opulentus
740 1751 776 1795 it
798 1742 1006 1811 petitum
1024 1749 1311 1811 pauperioris
1331 1743 1542 1812 gratiam,

260 1824 444 1884 Pauper
465 1824 639 1868 metuit
668 1823 943 1887 congrediri-.
976 1841 1061 1885 per
1084 1834 1273 1870 metum
1295 1822 1418 1867 male
1440 1834 1553 1865 rem.

512 1907 642 1960 gent.
1222 1937 1225 1939 Α

261 1968 399 2015 Idem
418 2004 432 2028 ,
469 1969 666 2031 quando
703 1970 837 2016 illaec
876 1970 1055 2016 occasio
1089 1969 1261 2032 periit,
1298 1975 1410 2029 post
1439 1978 1554 2010 sero-

516 2043 662 2104 cupit.
1039 2078 1046 2088 ,
1301 2060 1304 2063 ·
1383 2056 1385 2058 ·

717 2148 747 2182 E
785 2148 826 2181 U*
858 2149 885 2181 c
920 2147 950 2180 L
986 2147 1008 2179 1
1043 2147 1093 2179 o.

264 2219 311 2265 Si
342 2222 497 2266 hercle
521 2238 610 2286 ego
638 2233 686 2269 te
710 2238 811 2268 non
840 2209 1174 2286 elihguandam
1193 2217 1367 2264 dedero
1385 2229 1539 2275 usque

517 2295 575 2340 ab
599 2294 831 2341 radicibus
848 2329 862 2351 ‚

265 2374 455 2435 Impero
473 2408 487 2432 ,
519 2388 782 2436 auctorque
810 2393 916 2422 sum
933 2410 948 2433 ,
975 2386 1032 2421 ut
1062 2385 1117 2420 tu
1147 2387 1226 2418 me
1253 2369 1439 2432 quoivis
1464 2385 1540 2417 caf-

518 2449 762 2494 strandum
787 2450 925 2496 loces.
