1650 2826
191 192 315 235 xm
384 196 387 202 2
446 185 539 233 -Μ,
603 155 805 233 Ἀ’σσι
862 184 1188 235 PLAUT1

390 298 489 341 cum
512 298 809 342 commentario
836 295 886 342 P.
911 296 1121 343 Lacermi
1140 293 1262 358 (Jos.
1279 297 1474 346 Barthoa
1518 348 1523 352 ,

388 360 448 422 li)
476 373 518 406 et
547 361 730 427 ejusdem
750 361 938 425 fabulae
964 364 1313 427 interpretatione
1338 366 1473 410 Itali-

385 427 452 471 cis
468 427 663 472 versibus
699 429 967 473 concinnata.
1002 444 1048 475 v.
1078 428 1322 474 Menkenii
1349 428 1471 474 Bibl.

387 489 596 554 Catalog.
623 490 667 548 I,
690 506 794 554 pag.
828 507 935 552 303.

193 580 357 606 μ...-
392 554 561 604 Cellae.
597 554 641 601 8.
673 555 943 615 Aulularia,
975 572 1088 605 cum
1113 558 1326 605 versione
1354 558 1472 605 Ger-

355 671 360 674 ·
388 622 573 666 manica
591 619 783 684 Kayseri.

199 704 320 748 1755
390 686 608 736 Berolini.
645 687 684 732 8.
717 686 793 731 ed.
816 685 858 743 J.
882 687 1005 733 Petrs
1029 688 1187 734 Miller.
1205 687 1278 733 III
1292 688 1408 734 voll.

199 768 325 815 1759
391 750 601 800 Parisiis.
627 763 644 795 1
656 750 784 798 2111
800 753 912 798 voll.
926 752 987 797 M.
999 754 1122 798 Accii
1135 753 1290 798 Plauti
1308 753 1476 800 Comoe-

392 816 487 862 diae
519 832 626 878 quae
643 828 883 881 supersunt.
906 817 1047 863 Paris.
1070 820 1177 882 typis
1195 814 1271 876 Jo.
1287 818 1478 863 Barbou.

202 884 327 940 1760
391 881 592 944 Lipsiae.
617 881 641 927 8
661 880 769 944 maj.
796 882 843 927 II
861 883 967 928 voll.
986 883 1046 928 M.
1066 883 1173 927 Acci
1191 882 1345 927 Plauti
1368 898 1493 944 quael

393 957 623 1010 supersunt
660 943 926 995 Comoediae,
965 964 1061 993 cum
1091 948 1388 992 commentario
1420 963 1476 992 ex

393 1012 613 1070 variorum
637 1013 751 1057 notis
775 1023 817 1056 et
838 1012 1221 1059 observationibus,
1245 1028 1299 1056 ex
1331 1027 1479 1056 recen—-

393 1078 507 1121 sione
528 1075 602 1133 Jo.
631 1075 867 1122 Frederici
893 1074 1137 1122 Gronovii.
1170 1076 1392 1121 Accessere
1423 1092 1480 1121 ex

390 1140 578 1207 ejusdem
605 1140 880 1186 Lectionibus
909 1142 1133 1187 Plautinis
1160 1141 1334 1186 notulae
1365 1152 1481 1185 aste-

389 1207 503 1251 risco
531 1217 716 1251 notatae.
761 1205 865 1254 Cum
888 1206 1164 1272 praefatione
1189 1203 1265 1265 Jo.
1291 1205 1482 1266 August.

390 1269 589 1316 Ernesti.
632 1271 832 1335 Lipsiae,
871 1274 1070 1336 impensis
1110 1270 1255 1315 Gottlz.
1293 1269 1478 1333 Theoph.

394 1334 586 1398 Georgii.
613 1336 839 1399 Impressit
873 1335 1024 1382 Udalr.
1066 1334 1224 1381 Christ.
1257 1333 1479 1381 Saalbaclt

397 1412 728 1450 CIDIDCGLX.

199 1464 326 1530 '1763
401 1462 644 1526 Glasguae.
673 1480 741 1513 12.
761 1465 834 1512 III
854 1467 969 1514 voll.
996 1464 1160 1512 Editio
1186 1462 1351 1511 nitida.

124 1537 126 1539 ’
204 1535 329 1592 1764
396 1529 618 1577 Patavina
643 1531 715 1588 II,
742 1531 786 1576 8.
806 1531 863 1586 ⁴II
885 1531 994 1577 voll.

205 1599 298 1654 176
302 1616 329 1658 5
395 1595 669 1706 flolrentiae,
713 1596 755 1642 8.
794 1595 1083 1683 Pseudcglus,
1123 1609 1236 1641 cum
1267 1593 1483 1641 versione

201 1682 209 1691 ·
422 1671 467 1705 ta
488 1677 569 1706 lea.

205 1741 331 1789 1779
349 1739 396 1775 et
417 1726 538 1781 1780
571 1726 777 1789 Biponti.
813 1727 852 1772 8.
881 1726 930 1771 II
955 1720 1065 1771 voll.
1090 1718 1152 1770 M.
1178 1725 1302 1769 Accii
1329 1723 1490 1769 Plauti

402 1789 645 1835 Comoediae
662 1792 909 1854 superstites
923 1791 1085 1850 viginti
1093 1824 1107 1837 ,
1128 1789 1188 1833 ad
1202 1791 1382 1852 optimas
1398 1789 1485 1833 edi-

397 1857 532 1900 tiones
560 1854 753 1899 collatae.
772 1854 951 1899 Accedit
973 1853 1113 1898 Index
1136 1855 1317 1899 rarioris
1346 1864 1388 1897 et
1413 1853 1483 1897 ob-

396 1920 556 1965 soletae
584 1919 829 1964 latinitatis.
859 1917 1026 1964 Studiis
1042 1919 1261 1963 societatis
1276 1917 1484 1981 Biponti-

395 2001 491 2032 nae.
519 1983 665 2030 Editio
699 1994 916 2046 accurata.
954 1983 1161 2048 Biponti.
1196 1999 1250 2030 ex
1284 1993 1481 2048 typogra-

389 2049 500 2114 phia
527 2047 708 2096 Ducalz'.
