1650 2826
239 190 327 251 13ss
603 178 1144 234 ASINARIA.
1310 207 1510 250 .v.5

234 296 308 342 Ibi
337 306 391 340 tu
417 292 478 339 ad
506 293 597 339 hoc
620 293 715 338 diei
739 305 928 355 ternpus
955 294 1215 341 dormitasti
1234 295 1286 340 in
1313 296 1426 341 otio.

235 370 374 440 Quin
393 380 446 414 tu
472 367 550 413 abs
571 379 617 413 te
639 368 900 414 socordiam
922 385 1119 415 ornnem
1134 369 1254 415 reice
1267 403 1280 426 ‚
1301 380 1349 415 et
1367 369 1518 433 segni-

487 441 604 487 tiern
629 458 799 487 amove
814 475 827 499 ,

236 515 399 575 Atque
443 513 503 560 ad
537 514 784 579 ingenium
816 527 952 562 vetus
982 525 1232 562 vorsutum
1270 526 1319 562 te
1354 515 1520 576 recipis

490 599 647 633 tuum.

239 660 380 708 Serva
409 662 580 707 herum
601 679 611 704 ε
644 676 756 706 cave
784 671 840 708 tu
868 661 998 708 idem
1019 661 1156 718 faxis„
1178 661 1254 706 alii
1277 660 1414 721 quod
1431 677 1519 706 sera

479 734 541 780 ‘vi
573 734 726 779 solent
743 769 759 792 ,

241 805 344 878 Qui
387 804 448 851 ad
489 805 590 850 heri
629 803 977 852 fraudationem
1010 804 1236 853 callidum
1272 805 1521 870 ingenium

245 891 248 893 ·
494 889 678 943 gerunt.

239 953 380 999 Unde
404 951 626 998 sumam?
646 967 793 1012 quem
815 950 1154 996 intervortam?
1175 967 1276 1012 quo
1303 952 1423 997 hanc
1449 968 1524 998 ce-

497 1027 655 1072 locem
690 1024 929 1072 conferam
945 1025 968 1071 R

241 1098 531 1160 Inpetritum
547 1133 561 1155 ‚
586 1098 922 1163 inauguratum
949 1099 1030 1144 ’st:
1062 1098 1233 1160 quovis
1257 1097 1522 1144 admittunt

298 1175 311 1188 ⁰
495 1188 613 1217 aves.

241 1246 377 1292 Picus
413 1257 460 1292 et
497 1246 663 1292 cornix
695 1257 762 1291 est
797 1245 857 1291 ab
891 1245 1046 1296 laeva3
1083 1259 1250 1291 corvus
1281 1261 1425 1306 porro
1463 1246 1525 1294 ab

498 1319 701 1364 dextera.

246 1393 567 1439 Consuadent.
595 1404 779 1439 certum
802 1391 960 1437 hercle
981 1392 1060 1448 ’st,
1074 1400 1279 1437 vostram
1298 1392 1527 1453 consequi

505 1467 802 1513 sententiam.
1457 1469 1462 1475 '

243 1539 338 1586 Sed
360 1539 481 1600 quid
502 1540 594 1584 hoc
615 1574 627 1595 ‚
654 1538 791 1600 quod
815 1538 948 1600 picus
977 1538 1170 1584 ulmum
1197 1534 1395 1582 tundit?
1425 1549 1527 1581 non

497 1611 799 1657 temerarium
821 1613 875 1656 'st
894 1630 904 1656 ε

245 1684 383 1730 Certe
401 1718 413 1740 ‚
443 1684 600 1746 hercle
615 1718 629 1739 ,
651 1699 738 1746 ego
755 1717 770 1739 ‚
790 1694 1029 1743 quantum
1053 1698 1113 1727 ex
1134 1681 1331 1744 augurio
1352 1680 1526 1741 auspici

498 1755 722 1816 intellego
742 1788 756 1810 ,

246 1826 346 1875 Aut
385 1827 506 1872 mihi
542 1827 592 1872 in
627 1826 814 1875 mundo
851 1838 963 1873 sunt
995 1828 1149 1891 virgae
1166 1861 1179 1884 ,
1216 1838 1300 1873 aut
1341 1827 1525 1873 atriensi

499 1899 709 1946 Saureae.

248 1975 344 2022 Sed
363 1974 484 2036 quid
500 1974 613 2020 illuc
625 2009 638 2031 ‚
667 1974 803 2035 quod
822 1976 1111 2021 exanimatus
1113 1975 1276 2060 furrit
1299 1975 1394 2020 huc
1409 1973 1528 2020 Leo-

500 2045 612 2091 nida
629 2045 650 2091 ?
1174 2096 1188 2100 -

245 2119 417 2166 Metuo
435 2153 448 2177 ‚
471 2118 610 2179 quod
634 2118 727 2165 illic
759 2117 1054 2165 obscaevavit
1074 2133 1207 2164 meae
1236 2116 1372 2164 falsae
1398 2115 1526 2162 falla-

502 2207 611 2238 c1ae.
