1650 2826
205 207 296 267 588
463 207 1279 258 cls-TELLARIAf
1349 214 1486 260 πᾶα,

485 329 1204 364 LAMPADISCUS.

202 405 421 451 Imitatur
441 420 654 467 nequam
677 407 875 453 bestiam
894 419 940 453 et
959 408 1273 453 damnificam-

472 506 1207 542 PHANOSTRATA.

951 582 1228 650 Quamnam
1244 613 1258 636 ‚
1278 578 1446 629 amabo
1461 579 1484 624 Ρ

494 684 1210 738 LAMPADISCUS.

205 762 517 809 Involvolum
535 796 549 818 ‚
578 778 701 822 quae
732 761 784 807 in
813 760 1030 823 pampini
1059 757 1175 804 folio
1205 757 1379 803 intorta
1412 757 1484 802 ine

491 836 600 882 licat
629 853 701 881 se:

202 907 379 955 Itidem
411 854 526 955 haila-c
561 908 806 955 exorditur
838 906 926 954 sibi
953 906 1180 951 intortam
1205 905 1481 951 orationem.

202 981 340 1049 Quid
369 982 631 1043 quaeritas?
1031 1033 1034 1035 ,

633 1083 668 1117 H
704 1083 738 1115 A
773 1082 805 1115 L
841 1082 863 1117 Ι
896 1081 921 1116 S
958 1082 985 1113 G
1021 1080 1073 1113 A.

401 1160 590 1207 Cistella
606 1161 728 1206 mihi
746 1161 822 1206 hic
834 1194 848 1217 ,
866 1161 935 1205 mi
950 1160 1219 1206 adulescens
1232 1192 1246 1216 ,
1266 1158 1482 1206 evolavit.

478 1259 1200 1298 LAMPADISCUS.
1249 1263 1289 1293 s

203 1335 262 1383 In
293 1350 483 1383 caveam
515 1337 660 1381 latam
690 1335 918 1397 oportuit.

630 1439 666 1473 H
700 1439 735 1472 A
773 1440 804 1473 L
839 1440 861 1472 I
899 1439 921 1473 S
959 1439 986 1471 C
1021 1439 1071 1471 A.

756 1516 871 1562 Non
898 1515 1072 1577 edepol
1098 1514 1271 1577 praeda
1301 1529 1482 1578 magna.

481 1619 1196 1656 LAMPADISCUS.

202 1692 381 1740 Mirum
400 1727 413 1751 ‚
446 1696 568 1756 quin
599 1712 712 1760 grex
742 1697 987 1744 venalium
1021 1694 1073 1740 in
1105 1694 1281 1741 cistella
1312 1693 1469 1740 infue-

456 1777 518 1812 nt
548 1783 657 1813 una.

486 1870 515 1903 P
552 1869 725 1903 HAN
764 1869 796 1901 Ο
836 1868 858 1902 S
897 1868 1133 1902 TRAT.
1171 1868 1220 1901 A.

205 1933 314 1982 Sine
340 1936 474 1983 dicat.

490 2031 522 2063 L
559 2029 735 2063 AMP
772 2028 937 2062 ADI
974 2027 1207 2062 SCUS.

400 2106 448 2153 Si
474 2106 597 2152 dicat
623 2105 838 2167 quidem.

476 2203 1208 2240 PHANOSTRATA.

592 2283 692 2348 Age
706 2318 719 2341 ,
737 2285 935 2343 loquere
953 2293 1032 2339 tu,
1053 2280 1175 2342 quid
1193 2279 1260 2326 ibi
1277 2274 1479 2324 infuerit·

634 2387 670 2421 H
704 2387 740 2420 A
773 2386 803 2419 L
835 2385 862 2418 ι
899 2384 927 2437 svs
959 2384 984 2416 c
1020 2382 1070 2418 Α.

211 2455 480 2518 Crepundia
506 2470 612 2501 una.

1636 2422 1650 2683 ..a-smd-..nax-.›
1648 2374 1650 2379 Α
1647 2290 1650 2296 .
1647 2255 1650 2261 .
