1650 2826
198 221 329 266 v.511
405 201 499 250 IN
548 180 1345 252 AMPHITRUONEMj
1425 217 1459 266 ⁷

175 315 289 363 Post
308 311 449 377 hujus
467 315 802 374 argumentum
827 308 1026 369 eloquar
1046 307 1351 373 Tragoediae.

176 386 317 458 Quid
344 381 630 432 contraxistis
658 381 904 428 frontem?
934 380 1049 442 quia
1076 381 1391 452 Tragoediam

175 459 292 510 Dixi
305 457 514 505 staturam
531 457 652 502 hanc
668 456 690 501 Ξ)
707 455 840 502 Deus
855 469 988 501 sum:
1008 468 1352 504 conmutavero

176 533 407 583 Eamdem
426 533 549 579 hanc
564 566 580 589 ‚
604 531 642 578 si
662 531 831 577 voltis:
866 530 1055 589 faciam,
1078 546 1139 577 ex
1160 532 1424 597 Tragoedia

177 605 436 653 Comoedia
454 616 511 651 ut
530 604 614 662 sit,
639 603 861 650 omnibus
882 603 1050 649 iisdem
1071 604 1291 651 versibus.

174 679 349 727 Utrum
368 680 452 736 sit,
474 695 535 725 an
556 694 658 725 non
671 713 685 736 ,
712 679 887 725 voltis?
918 678 1001 724 sed
1023 694 1112 742 ego
1133 679 1345 737 stultior,

175 753 325 823 Quasi
341 751 545 798 nesciam
566 768 650 798 vos
671 753 820 808 velle,
845 751 932 811 qui
955 750 1087 797 divos
1108 751 1237 796 siem.

173 826 367 882 Tene0‚
391 823 513 885 quid
534 825 679 870 animi
700 824 844 870 vostri
865 839 1005 885 super
1023 824 1111 869 hac
1131 840 1182 869 re
1202 824 1300 870 siet.

173 899 360 946 Faciam
380 909 438 943 ut
458 898 687 943 conmista
708 897 766 943 sit
783 898 1259 962 Tragicocomoedia:

173 963 300 1018 Nam
319 987 399 1017 me
418 982 653 1033 perpetuo
676 969 825 1017 facere
847 982 904 1016 ut
922 969 981 1016 sit
1003 969 1292 1026 Comoedia,

173 1046 322 1111 Regoe
344 1063 447 1108 quo
467 1046 663 1093 veniant
684 1058 732 1091 et
752 1045 858 1102 Dii,
878 1058 981 1091 non
1002 1061 1086 1107 par
1106 1045 1317 1090 arbitror.

174 1118 314 1190 Quid
338 1119 480 1183 igitur
495 1119 518 1164 ?
559 1118 790 1179 quoniam
816 1118 893 1164 hic
914 1132 1068 1165 servos
1090 1133 1293 1179 quoque
1313 1117 1456 1178 partis

429 1189 574 1235 habet
587 1222 603 1247 ‚

172 1263 359 1309 Faciam
372 1295 388 1319 ‚
410 1263 494 1319 sit,
516 1263 720 1324 proinde
741 1274 797 1310 ut
819 1263 918 1309 dixi
932 1298 947 1320 ‚
966 1260 1431 1328 Tragicocomoedia.

173 1333 318 1383 Nunc
334 1333 428 1379 hoc
449 1349 528 1377 me
552 1349 681 1378 orare
698 1350 726 1379 a
746 1333 883 1380 vobis
895 1334 1031 1397 jussit
1045 1333 1292 1395 Juppiter,

176 1405 243 1452 Ut
264 1406 604 1467 conquisitores
625 1407 796 1470 singuli
816 1406 869 1451 in
890 1405 1106 1452 subsellia

176 1481 300 1526 Eant
318 1497 405 1541 per
422 1490 576 1526 totam
598 1496 787 1527 caveam
799 1513 815 1537 ‚
837 1479 1176 1541 spectatoribus
1190 1511 1207 1536 ‚

177 1548 230 1596 Si
251 1550 371 1610 quoi
391 1549 606 1614 favitores
625 1551 860 1614 delegatos
880 1550 1111 1606 viderint,

179 1620 247 1666 Ut
269 1620 338 1665 his
361 1620 412 1665 in
435 1635 573 1666 cavea
593 1621 764 1685 pignus
783 1622 1026 1683 capiantur
1045 1634 1196 1686 togae.

181 1693 291 1740 Sive
313 1693 399 1754 qui
419 1693 672 1740 ambissent
691 1697 900 1756 palmam
920 1696 1256 1752 histrionibus,

178 1762 275 1810 Seu
297 1765 565 1825 quoiquam
585 1765 773 1824 artifici,
794 1784 877 1814 seu
898 1783 983 1830 per
1002 1768 1189 1813 scribtas
1208 1768 1390 1826 literas,

177 1836 287 1885 Sive
307 1837 394 1898 qui
408 1838 496 1899 ipsi
512 1838 763 1885 ambissent
775 1874 791 1898 ‚
809 1857 892 1887 seu
910 1856 997 1902 per
1016 1841 1367 1887 internuntium
1384 1873 1403 1900 ,

178 1909 288 1957 Sive
308 1910 427 1956 adeo
446 1911 615 1958 aediles
635 1913 884 1973 perfidiose
908 1915 1027 1975 quoi
1049 1914 1191 1961 duint
1203 1948 1221 1972 ,

179 1983 410 2046 Sirempse
431 1987 735 2050 legemjuaeit
757 2003 850 2033 esse
865 1989 1107 2049 Juppiter;

180 2056 329 2125 Quasi
343 2058 664 2121 magistratum
683 2059 771 2104 sibi
792 2061 982 2106 alterive
1000 2061 1264 2107 ambiverit.

179 2126 370 2174 Virtute
385 2162 399 2185 ‚
425 2129 545 2175 dixit
563 2165 579 2187 ,
600 2147 686 2177 vos
705 2132 907 2178 victores
927 2133 1110 2190 vivere,

175 2200 292 2271 Non
317 2200 601 2259 ambitione,
625 2218 786 2264 neque
813 2205 1021 2266 perfidia.
1061 2206 1147 2267 qui
1167 2207 1328 2252 minus

177 2273 359 2319 Eadem
381 2275 595 2321 histrioni
611 2276 669 2321 sit
684 2278 786 2334 lex,
809 2295 932 2338 quae
953 2295 1141 2326 summo
1156 2280 1259 2326 viro
1270 2281 1294 2325 ?

177 2345 367 2392 Virtute
388 2348 566 2396 ambire
588 2362 804 2412 oportet,
828 2368 929 2398 non
950 2352 1239 2401 fivitoribuS.

179 2414 259 2462 Sat
284 2418 429 2487 habet
460 2420 715 2469 favitorum
744 2440 949 2486 semper,
974 2427 1061 2487 qui
1081 2439 1208 2472 recte
1229 2425 1368 2474 facit:

180 2486 231 2535 Si
250 2489 336 2537 illis
357 2491 472 2540 fides
494 2505 587 2555 est,
612 2496 788 2558 quibus
809 2510 876 2547 est
898 2515 952 2546 ea
969 2515 1041 2547 res
1061 2500 1113 2546 in
1133 2516 1299 2546 manu.
