1650 2826
109 204 239 241 vnn-1
414 187 706 237 ACTUS
757 190 835 236 11.
883 189 988 235 SC.
1033 190 1068 235 Ι.
1286 192 1379 253 569

256 284 1174 344 'ALcEsquchus

112 370 546 432 Diimeperdant!

491 463 534 496 M
567 464 599 496 Ε
634 464 666 496 L
702 463 735 496 A
774 464 804 496 Ε
841 464 874 496 Ν
910 464 929 496 1
967 462 1004 497 s.

243 528 606 600 Quodcumque
632 541 764 592 optes
780 565 793 587 ‚
816 531 962 576 velim
986 529 1074 576 tibi
1099 530 1384 594 contingere.

168 674 171 675 γ
322 619 1176 665 ALCESIMKRCHUS.

114 695 164 746 si
188 698 318 744 illam
346 692 547 744 uxorem
578 698 759 745 duxero
793 716 1025 761 umquam
1044 734 1061 756 ,
1091 700 1209 745 mihi
1240 716 1384 760 quam

369 769 623 832 despondit
652 783 798 832 pater.

496 871 540 904 M
575 873 605 904 E
641 873 671 905 1.
707 875 740 906 A
778 875 807 906 E
843 875 875 907 Ν
912 875 932 907 1
968 875 1007 909 s.

116 936 179 983 Et
203 951 282 983 me
303 970 318 994 ,
350 937 386 982 si
418 953 651 998 umquam
682 939 771 985 tibi
802 955 1003 986 uxorem
1036 942 1181 988 filiam
1211 942 1386 989 dedero

374 1025 544 1055 meam.

333 1103 1186 1140 ALCESIMARCHUS.

118 1171 355 1235 Perjurare
382 1186 462 1215 me
490 1171 665 1231 patiere
682 1173 704 1217 Ρ

497 1265 1010 1302 MELAENIS.

731 1333 894 1395 Atque
919 1336 1161 1396 aliquanto
1187 1338 1389 1395 facilius,

122 1408 285 1477 Quam
321 1423 400 1452 me
437 1422 692 1467 meamque
733 1424 834 1454 rem
871 1411 1021 1470 perire
1060 1422 1107 1456 et
1148 1412 1374 1458 ludificari
1445 1456 1458 1469 ,,

377 1478 534 1524 filiam.

122 1549 219 1597 Abi
250 1567 451 1612 quaere,
483 1551 570 1597 ubi
602 1563 688 1599 tuo
712 1554 919 1618 jurando
943 1557 1040 1621 juri
1067 1561 1169 1605 satis
1198 1561 1256 1605 sit
1281 1560 1393 1606 sub·

381 1625 491 1670 Sidi:

124 1695 217 1741 Hic
244 1696 374 1758 apud
402 1714 488 1743 nos
506 1733 519 1755 ‚
546 1698 885 1747 Alcesimarche
906 1737 919 1759 ,
949 1704 1213 1769 confregisti
1241 1716 1376 1751 tesse-

380 1785 493 1816 ram.

341 1871 1182 1911 ALCESIMARCHUS.

127 1938 245 1985 Face
266 1942 409 1985 semel
438 1941 718 2002 periculum.

506 2034 1019 2071 MELAENIS.

538 2101 686 2163 Saepe
712 2097 829 2161 feci,
851 2106 987 2166 quod
1008 2105 1186 2154 factum
1212 2125 1397 2170 queror.

344 2190 1188 2232 ALCESIMARCHUS.

131 2258 297 2307 Redde
321 2258 440 2304 mihi
466 2259 608 2305 illam.

516 2350 560 2382 M
595 2350 624 2382 E
659 2352 690 2384 1.
725 2352 758 2384 A
796 2353 825 2384 Ε
860 2354 893 2385 N
928 2354 947 2386 1
984 2354 1022 2388 s.

308 2420 437 2465 Inter
455 2435 630 2467 novam
647 2438 747 2468 rem
765 2423 967 2471 vetbum
985 2427 1219 2488 usurpabo
1238 2439 1396 2474 vetus:
