<?xml version="1.0" encoding="UTF-8"?>
<!DOCTYPE html PUBLIC "-//W3C//DTD XHTML 1.0 Transitional//EN"
    "http://www.w3.org/TR/xhtml1/DTD/xhtml1-transitional.dtd">
<html xmlns="http://www.w3.org/1999/xhtml" xml:lang="en" lang="en">
 <head>
  <title>
</title>
<meta http-equiv="Content-Type" content="text/html;charset=utf-8" />
  <meta name='ocr-system' content='tesseract 3.04.00' />
  <meta name='ocr-capabilities' content='ocr_page ocr_carea ocr_par ocr_line ocrx_word'/>
</head>
<body>
  <div class='ocr_page' id='page_1' title='image "./comoediaesuperst01plauuoft_0400.png"; bbox 0 0 1650 2826; ppageno 0'>
   <div class='ocr_carea' id='block_1_1' title="bbox 245 148 1524 217">
    <p class='ocr_par' dir='ltr' id='par_1_1' title="bbox 245 148 1524 217">
     <span class='ocr_line' id='line_1_1' title="bbox 245 148 1524 217; baseline -0.001 -17"><span class='ocrx_word' id='word_1_1' title='bbox 245 156 339 217; x_wconf 78' lang='lat'>345</span> <span class='ocrx_word' id='word_1_2' title='bbox 568 148 1197 216; x_wconf 79' lang='lat' dir='ltr'><strong>BACCHIDES.</strong></span> <span class='ocrx_word' id='word_1_3' title='bbox 1364 167 1524 199; x_wconf 83' lang='lat' dir='ltr'>v.1oo</span> 
     </span>
    </p>
   </div>
   <div class='ocr_carea' id='block_1_2' title="bbox 244 258 1524 399">
    <p class='ocr_par' dir='ltr' id='par_1_2' title="bbox 244 258 1524 399">
     <span class='ocr_line' id='line_1_2' title="bbox 244 258 1524 322; baseline 0 -15"><span class='ocrx_word' id='word_1_4' title='bbox 244 261 354 308; x_wconf 85' lang='lat' dir='ltr'>Mea</span> <span class='ocrx_word' id='word_1_5' title='bbox 379 258 552 306; x_wconf 86' lang='lat' dir='ltr'>fiducia</span> <span class='ocrx_word' id='word_1_6' title='bbox 573 275 693 321; x_wconf 88' lang='lat' dir='ltr'>opus</span> <span class='ocrx_word' id='word_1_7' title='bbox 717 258 957 317; x_wconf 84' lang='lat' dir='ltr'>conduxi,</span> <span class='ocrx_word' id='word_1_8' title='bbox 983 270 1030 306; x_wconf 91' lang='lat' dir='ltr'>et</span> <span class='ocrx_word' id='word_1_9' title='bbox 1051 277 1162 306; x_wconf 90' lang='lat' dir='ltr'>meo</span> <span class='ocrx_word' id='word_1_10' title='bbox 1189 260 1402 322; x_wconf 90' lang='lat' dir='ltr'>periculo</span> <span class='ocrx_word' id='word_1_11' title='bbox 1425 278 1524 307; x_wconf 89' lang='lat' dir='ltr'>rem</span> 
     </span>
     <span class='ocr_line' id='line_1_3' title="bbox 494 351 620 399; baseline -0.016 -18"><span class='ocrx_word' id='word_1_12' title='bbox 494 351 620 399; x_wconf 86' lang='lat' dir='ltr'>gero.</span> 
     </span>
    </p>
   </div>
   <div class='ocr_carea' id='block_1_3' title="bbox 242 427 1231 704">
    <p class='ocr_par' dir='ltr' id='par_1_3' title="bbox 242 427 1231 704">
     <span class='ocr_line' id='line_1_4' title="bbox 517 427 1231 462; baseline 0 -1"><span class='ocrx_word' id='word_1_13' title='bbox 517 427 1231 462; x_wconf 85' lang='lat' dir='ltr'>MNESILOCHUS.</span> 
     </span>
     <span class='ocr_line' id='line_1_5' title="bbox 242 495 627 559; baseline -0.003 -15"><span class='ocrx_word' id='word_1_14' title='bbox 242 495 470 559; x_wconf 90' lang='lat' dir='ltr'>Aequom</span> <span class='ocrx_word' id='word_1_15' title='bbox 499 498 627 546; x_wconf 77' lang='lat' dir='ltr'>dicis,</span> 
     </span>
     <span class='ocr_line' id='line_1_6' title="bbox 589 589 1168 625; baseline 0.003 -3"><span class='ocrx_word' id='word_1_16' title='bbox 589 590 615 622; x_wconf 90' lang='lat' dir='ltr'>C</span> <span class='ocrx_word' id='word_1_17' title='bbox 653 589 687 622; x_wconf 84' lang='lat' dir='ltr'>H</span> <span class='ocrx_word' id='word_1_18' title='bbox 723 590 756 623; x_wconf 90' lang='lat' dir='ltr'>R</span> <span class='ocrx_word' id='word_1_19' title='bbox 789 590 825 623; x_wconf 91' lang='lat' dir='ltr'>Y</span> <span class='ocrx_word' id='word_1_20' title='bbox 863 589 884 623; x_wconf 90' lang='lat' dir='ltr'>S</span> <span class='ocrx_word' id='word_1_21' title='bbox 923 590 957 623; x_wconf 89' lang='lat' dir='ltr'>A</span> <span class='ocrx_word' id='word_1_22' title='bbox 991 591 1022 624; x_wconf 88' lang='lat' dir='ltr'>L</span> <span class='ocrx_word' id='word_1_23' title='bbox 1058 591 1093 623; x_wconf 89' lang='lat' dir='ltr'>U</span> <span class='ocrx_word' id='word_1_24' title='bbox 1130 591 1168 625; x_wconf 83' lang='lat' dir='ltr'>S.</span> 
     </span>
     <span class='ocr_line' id='line_1_7' title="bbox 587 657 950 704; baseline 0 -1"><span class='ocrx_word' id='word_1_25' title='bbox 587 657 720 704; x_wconf 87' lang='lat' dir='ltr'>Cedo</span> <span class='ocrx_word' id='word_1_26' title='bbox 748 658 950 704; x_wconf 84' lang='lat' dir='ltr'>tabellas.</span> 
     </span>
    </p>
   </div>
   <div class='ocr_carea' id='block_1_4' title="bbox 241 754 1524 2495">
    <p class='ocr_par' dir='ltr' id='par_1_4' title="bbox 241 754 1524 2495">
     <span class='ocr_line' id='line_1_8' title="bbox 533 754 1240 790; baseline -0.001 -1"><span class='ocrx_word' id='word_1_27' title='bbox 533 754 1240 790; x_wconf 77' lang='lat' dir='ltr'>MNESILOCHUS.</span> 
     </span>
     <span class='ocr_line' id='line_1_9' title="bbox 896 815 1082 878; baseline -0.005 -16"><span class='ocrx_word' id='word_1_28' title='bbox 896 815 1082 878; x_wconf 89' lang='lat' dir='ltr'><strong>Accipe.</strong></span> 
     </span>
     <span class='ocr_line' id='line_1_10' title="bbox 589 900 1168 934; baseline -0.002 0"><span class='ocrx_word' id='word_1_29' title='bbox 589 901 616 934; x_wconf 93' lang='lat' dir='ltr'>C</span> <span class='ocrx_word' id='word_1_30' title='bbox 651 901 685 934; x_wconf 86' lang='lat' dir='ltr'>H</span> <span class='ocrx_word' id='word_1_31' title='bbox 721 902 754 934; x_wconf 85' lang='lat' dir='ltr'>R</span> <span class='ocrx_word' id='word_1_32' title='bbox 789 901 822 934; x_wconf 92' lang='lat' dir='ltr'>Y</span> <span class='ocrx_word' id='word_1_33' title='bbox 860 901 882 934; x_wconf 92' lang='lat' dir='ltr'>S</span> <span class='ocrx_word' id='word_1_34' title='bbox 919 901 952 933; x_wconf 91' lang='lat' dir='ltr'>A</span> <span class='ocrx_word' id='word_1_35' title='bbox 989 901 1019 933; x_wconf 91' lang='lat' dir='ltr'>L</span> <span class='ocrx_word' id='word_1_36' title='bbox 1058 901 1092 933; x_wconf 89' lang='lat' dir='ltr'>U</span> <span class='ocrx_word' id='word_1_37' title='bbox 1131 900 1168 934; x_wconf 87' lang='lat' dir='ltr'>S.</span> 
     </span>
     <span class='ocr_line' id='line_1_11' title="bbox 1012 967 1522 1015; baseline -0.002 -1"><span class='ocrx_word' id='word_1_38' title='bbox 1012 969 1247 1015; x_wconf 79' lang='lat' dir='ltr'>Animum</span> <span class='ocrx_word' id='word_1_39' title='bbox 1276 967 1522 1014; x_wconf 85' lang='lat' dir='ltr'>advortite.</span> 
     </span>
     <span class='ocr_line' id='line_1_12' title="bbox 242 1041 1522 1105; baseline -0.002 -17"><span class='ocrx_word' id='word_1_40' title='bbox 242 1042 538 1089; x_wconf 83' lang='lat' dir='ltr'>Mnesiloche</span> <span class='ocrx_word' id='word_1_41' title='bbox 553 1054 601 1087; x_wconf 88' lang='lat' dir='ltr'>et</span> <span class='ocrx_word' id='word_1_42' title='bbox 614 1053 669 1087; x_wconf 84' lang='lat' dir='ltr'>tu</span> <span class='ocrx_word' id='word_1_43' title='bbox 686 1042 936 1087; x_wconf 87' lang='lat' dir='ltr'>Pistoclere</span> <span class='ocrx_word' id='word_1_44' title='bbox 947 1075 960 1098; x_wconf 79' lang='lat'>‚</span> <span class='ocrx_word' id='word_1_45' title='bbox 968 1043 1067 1105; x_wconf 86' lang='lat' dir='ltr'>jam</span> <span class='ocrx_word' id='word_1_46' title='bbox 1083 1041 1242 1098; x_wconf 87' lang='lat' dir='ltr'>facite,</span> <span class='ocrx_word' id='word_1_47' title='bbox 1261 1041 1311 1086; x_wconf 90' lang='lat' dir='ltr'>in</span> <span class='ocrx_word' id='word_1_48' title='bbox 1328 1041 1522 1086; x_wconf 83' lang='lat' dir='ltr'>biclinio</span> 
     </span>
     <span class='ocr_line' id='line_1_13' title="bbox 243 1114 1524 1176; baseline -0.002 -16"><span class='ocrx_word' id='word_1_49' title='bbox 243 1115 372 1160; x_wconf 89' lang='lat' dir='ltr'>Cum</span> <span class='ocrx_word' id='word_1_50' title='bbox 394 1115 545 1161; x_wconf 84' lang='lat' dir='ltr'>amica</span> <span class='ocrx_word' id='word_1_51' title='bbox 575 1133 656 1161; x_wconf 86' lang='lat' dir='ltr'>sua</span> <span class='ocrx_word' id='word_1_52' title='bbox 675 1127 878 1176; x_wconf 89' lang='lat' dir='ltr'>uterque</span> <span class='ocrx_word' id='word_1_53' title='bbox 908 1114 1182 1162; x_wconf 86' lang='lat' dir='ltr'>accubitum</span> <span class='ocrx_word' id='word_1_54' title='bbox 1203 1115 1325 1161; x_wconf 86' lang='lat' dir='ltr'>eatis.</span> <span class='ocrx_word' id='word_1_55' title='bbox 1357 1115 1421 1160; x_wconf 87' lang='lat' dir='ltr'>ita</span> <span class='ocrx_word' id='word_1_56' title='bbox 1439 1131 1524 1159; x_wconf 89' lang='lat' dir='ltr'>ne-</span> 
     </span>
     <span class='ocr_line' id='line_1_14' title="bbox 498 1186 1142 1252; baseline -0.003 -18"><span class='ocrx_word' id='word_1_57' title='bbox 498 1199 686 1252; x_wconf 77' lang='lat' dir='ltr'>gotium</span> <span class='ocrx_word' id='word_1_58' title='bbox 704 1189 771 1233; x_wconf 90' lang='lat' dir='ltr'>&#39;st.</span> <span class='ocrx_word' id='word_1_59' title='bbox 1139 1186 1142 1189; x_wconf 65' lang='grc'>’</span> 
     </span>
     <span class='ocr_line' id='line_1_15' title="bbox 242 1259 1524 1324; baseline -0.002 -15"><span class='ocrx_word' id='word_1_60' title='bbox 242 1260 405 1324; x_wconf 90' lang='lat' dir='ltr'>Atque</span> <span class='ocrx_word' id='word_1_61' title='bbox 433 1263 643 1320; x_wconf 85' lang='lat' dir='ltr'>ibidem,</span> <span class='ocrx_word' id='word_1_62' title='bbox 670 1259 756 1308; x_wconf 85' lang='lat' dir='ltr'>ubi</span> <span class='ocrx_word' id='word_1_63' title='bbox 788 1278 919 1309; x_wconf 88' lang='lat' dir='ltr'>nunc</span> <span class='ocrx_word' id='word_1_64' title='bbox 945 1273 1055 1309; x_wconf 91' lang='lat' dir='ltr'>sunt</span> <span class='ocrx_word' id='word_1_65' title='bbox 1077 1262 1190 1310; x_wconf 89' lang='lat' dir='ltr'>lecti</span> <span class='ocrx_word' id='word_1_66' title='bbox 1214 1261 1363 1320; x_wconf 79' lang='lat' dir='ltr'>strati,</span> <span class='ocrx_word' id='word_1_67' title='bbox 1385 1272 1524 1324; x_wconf 82' lang='lat' dir='ltr'>pote-</span> 
     </span>
     <span class='ocr_line' id='line_1_16' title="bbox 496 1348 685 1382; baseline -0.005 0"><span class='ocrx_word' id='word_1_68' title='bbox 496 1348 553 1382; x_wconf 80' lang='lat' dir='ltr'>tis</span> <span class='ocrx_word' id='word_1_69' title='bbox 577 1348 685 1382; x_wconf 76' lang='lat' dir='ltr'>cito.</span> 
     </span>
     <span class='ocr_line' id='line_1_17' title="bbox 536 1425 1236 1463; baseline -0.006 0"><span class='ocrx_word' id='word_1_70' title='bbox 536 1425 1236 1463; x_wconf 76' lang='lat' dir='ltr'>PISTOCLERUS.</span> 
     </span>
     <span class='ocr_line' id='line_1_18' title="bbox 243 1497 696 1560; baseline 0 -16"><span class='ocrx_word' id='word_1_71' title='bbox 243 1497 500 1560; x_wconf 90' lang='lat' dir='ltr'>Numquid</span> <span class='ocrx_word' id='word_1_72' title='bbox 527 1499 696 1545; x_wconf 84' lang='lat' dir='ltr'>aliud?</span> 
     </span>
     <span class='ocr_line' id='line_1_19' title="bbox 600 1582 1179 1621; baseline -0.005 -2"><span class='ocrx_word' id='word_1_73' title='bbox 600 1587 627 1619; x_wconf 95' lang='lat' dir='ltr'>C</span> <span class='ocrx_word' id='word_1_74' title='bbox 664 1587 696 1620; x_wconf 84' lang='lat' dir='ltr'>H</span> <span class='ocrx_word' id='word_1_75' title='bbox 733 1589 766 1621; x_wconf 90' lang='lat' dir='ltr'>R</span> <span class='ocrx_word' id='word_1_76' title='bbox 802 1587 836 1620; x_wconf 82' lang='lat' dir='ltr'>Y</span> <span class='ocrx_word' id='word_1_77' title='bbox 874 1586 895 1619; x_wconf 95' lang='lat' dir='ltr'>S</span> <span class='ocrx_word' id='word_1_78' title='bbox 933 1586 966 1618; x_wconf 89' lang='lat' dir='ltr'>A</span> <span class='ocrx_word' id='word_1_79' title='bbox 1002 1586 1032 1618; x_wconf 92' lang='lat' dir='ltr'>L</span> <span class='ocrx_word' id='word_1_80' title='bbox 1067 1584 1102 1616; x_wconf 89' lang='lat' dir='ltr'><strong>U</strong></span> <span class='ocrx_word' id='word_1_81' title='bbox 1141 1582 1179 1616; x_wconf 90' lang='lat' dir='ltr'>S.</span> 
     </span>
     <span class='ocr_line' id='line_1_20' title="bbox 371 1652 1520 1716; baseline -0.003 -17"><span class='ocrx_word' id='word_1_82' title='bbox 371 1654 480 1701; x_wconf 94' lang='lat' dir='ltr'>Hoc</span> <span class='ocrx_word' id='word_1_83' title='bbox 494 1689 507 1711; x_wconf 80' lang='grc'>,</span> <span class='ocrx_word' id='word_1_84' title='bbox 527 1666 673 1715; x_wconf 86' lang='lat' dir='ltr'>atque</span> <span class='ocrx_word' id='word_1_85' title='bbox 694 1656 834 1701; x_wconf 83' lang='lat' dir='ltr'>etiarn</span> <span class='ocrx_word' id='word_1_86' title='bbox 853 1655 937 1700; x_wconf 90' lang='lat' dir='ltr'>ubi</span> <span class='ocrx_word' id='word_1_87' title='bbox 956 1654 1044 1700; x_wconf 87' lang='lat' dir='ltr'>erit</span> <span class='ocrx_word' id='word_1_88' title='bbox 1060 1652 1334 1716; x_wconf 62' lang='lat' dir='ltr'>accubitum</span> <span class='ocrx_word' id='word_1_89' title='bbox 1351 1652 1520 1707; x_wconf 89' lang='lat' dir='ltr'>semel,</span> 
     </span>
     <span class='ocr_line' id='line_1_21' title="bbox 241 1725 1519 1792; baseline -0.001 -22"><span class='ocrx_word' id='word_1_90' title='bbox 241 1725 317 1771; x_wconf 94' lang='lat' dir='ltr'>Ne</span> <span class='ocrx_word' id='word_1_91' title='bbox 335 1743 587 1788; x_wconf 87' lang='lat' dir='ltr'>quoquam</span> <span class='ocrx_word' id='word_1_92' title='bbox 612 1728 860 1792; x_wconf 83' lang='lat' dir='ltr'>exsurgatis</span> <span class='ocrx_word' id='word_1_93' title='bbox 874 1763 887 1785; x_wconf 84' lang='lat'>‚</span> <span class='ocrx_word' id='word_1_94' title='bbox 908 1727 1062 1774; x_wconf 90' lang='lat' dir='ltr'>donec</span> <span class='ocrx_word' id='word_1_95' title='bbox 1085 1744 1110 1773; x_wconf 86' lang='lat' dir='ltr'>a</span> <span class='ocrx_word' id='word_1_96' title='bbox 1132 1742 1211 1772; x_wconf 82' lang='lat' dir='ltr'>me</span> <span class='ocrx_word' id='word_1_97' title='bbox 1231 1726 1317 1772; x_wconf 85' lang='lat' dir='ltr'>erit</span> <span class='ocrx_word' id='word_1_98' title='bbox 1334 1725 1519 1789; x_wconf 86' lang='lat' dir='ltr'>signum</span> 
     </span>
     <span class='ocr_line' id='line_1_22' title="bbox 497 1799 676 1845; baseline 0.006 -2"><span class='ocrx_word' id='word_1_99' title='bbox 497 1799 676 1845; x_wconf 87' lang='lat' dir='ltr'>datum.</span> 
     </span>
     <span class='ocr_line' id='line_1_23' title="bbox 534 1893 1238 1930; baseline 0.003 -5"><span class='ocrx_word' id='word_1_100' title='bbox 534 1893 1238 1930; x_wconf 82' lang='lat' dir='ltr'><strong>PISTOCLERUS.</strong></span> 
     </span>
     <span class='ocr_line' id='line_1_24' title="bbox 245 1959 902 2030; baseline 0.003 -24"><span class='ocrx_word' id='word_1_101' title='bbox 245 1959 296 2006; x_wconf 91' lang='lat' dir='ltr'>O</span> <span class='ocrx_word' id='word_1_102' title='bbox 313 1959 647 2022; x_wconf 85' lang='lat' dir='ltr'>imperatorem</span> <span class='ocrx_word' id='word_1_103' title='bbox 665 1962 902 2030; x_wconf 71' lang='lat' dir='ltr'>probum!</span> 
     </span>
     <span class='ocr_line' id='line_1_25' title="bbox 589 2044 1166 2090; baseline -0.002 -2"><span class='ocrx_word' id='word_1_104' title='bbox 589 2057 615 2088; x_wconf 88' lang='lat' dir='ltr'>c</span> <span class='ocrx_word' id='word_1_105' title='bbox 653 2044 686 2088; x_wconf 67' lang='lat' dir='ltr'>H</span> <span class='ocrx_word' id='word_1_106' title='bbox 721 2057 754 2090; x_wconf 82' lang='lat' dir='ltr'>R</span> <span class='ocrx_word' id='word_1_107' title='bbox 791 2056 824 2088; x_wconf 89' lang='lat' dir='ltr'>Y</span> <span class='ocrx_word' id='word_1_108' title='bbox 861 2056 883 2088; x_wconf 91' lang='lat' dir='ltr'>s</span> <span class='ocrx_word' id='word_1_109' title='bbox 920 2056 954 2088; x_wconf 84' lang='lat' dir='ltr'>A</span> <span class='ocrx_word' id='word_1_110' title='bbox 990 2056 1020 2089; x_wconf 82' lang='lat'>1,</span> <span class='ocrx_word' id='word_1_111' title='bbox 1056 2055 1091 2087; x_wconf 88' lang='lat' dir='ltr'>U</span> <span class='ocrx_word' id='word_1_112' title='bbox 1128 2055 1166 2088; x_wconf 82' lang='lat' dir='ltr'>S.</span> 
     </span>
     <span class='ocr_line' id='line_1_26' title="bbox 866 2122 1518 2184; baseline -0.011 -12"><span class='ocrx_word' id='word_1_113' title='bbox 866 2126 976 2184; x_wconf 88' lang='lat' dir='ltr'>Jam</span> <span class='ocrx_word' id='word_1_114' title='bbox 1003 2125 1072 2171; x_wconf 87' lang='lat' dir='ltr'>bis</span> <span class='ocrx_word' id='word_1_115' title='bbox 1097 2125 1265 2171; x_wconf 87' lang='lat' dir='ltr'>bibisse</span> <span class='ocrx_word' id='word_1_116' title='bbox 1293 2122 1518 2183; x_wconf 85' lang='lat' dir='ltr'>oportuit.</span> 
     </span>
     <span class='ocr_line' id='line_1_27' title="bbox 522 2217 1230 2255; baseline -0.004 -2"><span class='ocrx_word' id='word_1_117' title='bbox 522 2217 1230 2255; x_wconf 85' lang='lat' dir='ltr'><strong>MNESILOCHUS.</strong></span> 
     </span>
     <span class='ocr_line' id='line_1_28' title="bbox 247 2275 996 2340; baseline 0 -18"><span class='ocrx_word' id='word_1_118' title='bbox 247 2275 510 2340; x_wconf 87' lang='lat' dir='ltr'>Fugiamus.</span> <span class='ocrx_word' id='word_1_119' title='bbox 993 2330 996 2331; x_wconf 19' lang='lat'><em>⁷</em></span> 
     </span>
     <span class='ocr_line' id='line_1_29' title="bbox 597 2363 1168 2400; baseline -0.005 -2"><span class='ocrx_word' id='word_1_120' title='bbox 597 2366 623 2398; x_wconf 88' lang='lat' dir='ltr'>c</span> <span class='ocrx_word' id='word_1_121' title='bbox 659 2365 760 2400; x_wconf 62' lang='lat' dir='ltr'>H‘R</span> <span class='ocrx_word' id='word_1_122' title='bbox 795 2367 830 2399; x_wconf 85' lang='lat' dir='ltr'>Y</span> <span class='ocrx_word' id='word_1_123' title='bbox 866 2367 888 2400; x_wconf 92' lang='lat' dir='ltr'>s</span> <span class='ocrx_word' id='word_1_124' title='bbox 925 2368 959 2399; x_wconf 82' lang='lat' dir='ltr'>A</span> <span class='ocrx_word' id='word_1_125' title='bbox 996 2367 1026 2399; x_wconf 83' lang='grc' dir='ltr'>Ι,</span> <span class='ocrx_word' id='word_1_126' title='bbox 1061 2364 1095 2396; x_wconf 87' lang='lat' dir='ltr'><strong>U</strong></span> <span class='ocrx_word' id='word_1_127' title='bbox 1130 2363 1168 2397; x_wconf 89' lang='lat' dir='ltr'>s.</span> 
     </span>
     <span class='ocr_line' id='line_1_30' title="bbox 281 2427 1513 2495; baseline 0.001 -20"><span class='ocrx_word' id='word_1_128' title='bbox 281 2427 378 2475; x_wconf 92' lang='lat' dir='ltr'>Vos</span> <span class='ocrx_word' id='word_1_129' title='bbox 388 2441 599 2477; x_wconf 84' lang='lat' dir='ltr'>vostrum</span> <span class='ocrx_word' id='word_1_130' title='bbox 613 2444 770 2478; x_wconf 86' lang='lat' dir='ltr'>curate</span> <span class='ocrx_word' id='word_1_131' title='bbox 785 2434 1009 2488; x_wconf 81' lang='lat' dir='ltr'>officium,</span> <span class='ocrx_word' id='word_1_132' title='bbox 1026 2447 1113 2495; x_wconf 85' lang='lat' dir='ltr'>ego</span> <span class='ocrx_word' id='word_1_133' title='bbox 1129 2429 1320 2476; x_wconf 88' lang='lat' dir='ltr'>efficiam</span> <span class='ocrx_word' id='word_1_134' title='bbox 1336 2447 1513 2476; x_wconf 86' lang='lat' dir='ltr'>meum.</span> 
     </span>
    </p>
   </div>
  </div>
 </body>
</html>
