1650 2826
109 165 203 200 m
417 144 704 195 ACTUS
748 144 808 192 v.
857 143 964 192 sc.
1014 147 1053 192 1.
1283 130 1378 210 '53⁹

372 296 895 355 ACTUS
1009 296 1085 355 V.

540 423 969 471 SCENAI.

227 541 754 580 PARDALISCA,
801 540 1268 579 MURRHINA.

437 662 1083 698 PARDALISCA.

117 742 448 851 ACCEPTAE
471 803 598 849 bene
632 813 679 848 et
706 802 961 849 commode
991 802 1173 847 eximus
1201 801 1358 858 intus,

118 877 280 923 Ludos
301 877 446 923 visere
470 878 566 923 huc
592 878 641 922 in
666 878 743 923 via
766 876 1002 937 nuptialis.

486 969 1022 1004 MURRHINA.

117 1030 399 1100 Numquam
425 1049 601 1084 ecastor
626 1040 726 1084 ullo
758 1039 834 1083 die
862 1038 937 1082 risi
962 1038 1174 1098 adaeque
1190 1070 1204 1094 ,

122 1111 294 1172 Neque
324 1112 417 1156 hoc
454 1110 591 1170 quod
626 1110 864 1171 reliquom
904 1121 971 1155 est
989 1144 1003 1166 ,
1040 1111 1146 1171 plus
1179 1110 1373 1159 risuram

373 1182 557 1243 opinor.
974 1195 980 1198 ⁴

123 1255 308 1311 Lubet,
341 1254 620 1310 Chalinum,
657 1254 777 1314 quid
804 1265 906 1318 agat
939 1256 1050 1300 scire
1071 1288 1084 1310 ,
1112 1271 1295 1301 novom

121 1330 345 1390 Nuptum
374 1343 487 1373 cum
514 1343 644 1372 novo
674 1327 868 1384 marito,
899 1344 987 1372 nec
1018 1327 1245 1374 fallaciam

120 1403 412 1449 Astutiorem
436 1402 559 1446 ullus
582 1401 691 1446 fecit
718 1401 886 1458 Poeta,
902 1411 1056 1461 ⁴atque

122 1476 188 1522 Ut
219 1477 333 1522 haec
359 1488 425 1521 est
447 1473 575 1519 fabre
602 1473 720 1519 facta
746 1491 772 1519 a
802 1473 952 1519 nobis.
982 1473 1192 1520 obtunso

125 1549 223 1594 Ore
251 1563 383 1594 nunc
411 1547 640 1608 pervelim
667 1546 936 1610 progredire
965 1562 1155 1592 senem:

122 1620 240 1689 Quo
270 1635 413 1665 senex
440 1619 644 1679 nequior
672 1621 830 1664 nullus
857 1619 987 1664 vivit.
1021 1635 1083 1664 ne
1107 1620 1246 1666 illum

128 1692 346 1760 Quidem
372 1691 656 1751 nequiorem
681 1692 877 1737 arbitror
909 1707 1027 1748 esse,
1054 1693 1140 1752 qui
1166 1694 1330 1739 locum

127 1763 325 1810 Praebet
347 1764 414 1808 illi
432 1764 458 1791 *
474 1779 604 1809 nunc
623 1763 881 1824 praesidem
899 1765 923 1791 *
938 1765 963 1792 *
979 1763 1055 1809 hic
1069 1798 1082 1820 ,
1098 1764 1373 1830 Pardalisca,

124 1837 237 1882 Esto
258 1856 267 1881 :
296 1836 381 1896 qui
408 1835 520 1881 hinc
548 1846 709 1892 exeat,
732 1852 845 1881 eum
871 1846 926 1879 ut
949 1835 1156 1882 ludibrio
1181 1838 1360 1886 habeas.

434 1938 462 1969 P
502 1936 537 1968 A
572 1938 604 1969 R
641 1938 676 1968 D
713 1937 747 1968 A
783 1937 813 1969 L
849 1937 869 1968 I
907 1936 928 1969 S
967 1938 994 1969 C
1029 1935 1077 1968 A.

129 2003 321 2049 Lubens
346 2003 525 2060 fecero,
549 2015 596 2048 et
619 2004 782 2048 solens.

496 2095 540 2128 M
575 2096 610 2128 U
647 2098 680 2129 R
715 2098 747 2129 R
783 2097 818 2129 Η
852 2098 874 2129 Ι
908 2098 943 2129 N
976 2097 1025 2130 A.

812 2162 1030 2223 Spectato
1054 2164 1166 2210 hinc
1187 2169 1346 2215 omnia

130 2236 290 2292 Intus,
315 2234 435 2296 quid
461 2235 587 2280 intus
615 2246 764 2299 agant.

442 2327 472 2360 P
514 2327 548 2360 A
586 2328 619 2361 R
656 2326 941 2361 DALIS
978 2330 1004 2362 C
1042 2330 1091 2363 A.

685 2397 710 2424 ²¹²
737 2398 762 2424 ²⁵³
797 2397 927 2442 Pone
949 2414 1053 2456 me,
1083 2401 1265 2446 amabo,
