1650 2826
269 240 366 286 540
706 223 1107 274 CASINA'.
1418 231 1549 278 v.16

633 346 1174 383 MURRHINA.

269 427 330 473 Et
362 426 429 471 ini
462 404 680 473 audacius
712 427 822 472 licet
858 444 980 488 quae
1008 427 1076 472 vis
1107 427 1253 474 libere

265 500 508 561 Proloqui.

575 595 605 627 Ρ
642 594 676 626 Α
712 595 746 628 R
780 595 817 627 D
853 593 887 626 A
925 594 954 626 L
990 593 1011 626 1
1050 593 1072 627 s
1110 594 1139 626 c
1174 592 1226 626 A.

534 669 681 715 Tace!
712 680 865 716 vostra
894 667 1003 715 foris
1034 669 1232 730 crepuit.

667 845 995 893 SCENA
1062 844 1164 890 ΙΙ.

270 1006 754 1044 oLYMz’Io,
816 982 1497 1041 CL'EosTRAr-A,>

685 1107 1142 1146 MURRHINA.

635 1247 1196 1296 QLYMPro.

265 1327 369 1441 N
374 1401 517 1453 EQUE
553 1407 653 1452 quo
691 1388 869 1453 fugiam
886 1421 899 1444 ‚
930 1403 1091 1448 neque
1122 1387 1209 1434 ubi
1237 1388 1433 1445 lateam,
1457 1403 1546 1434 ne-

527 1481 624 1525 que
655 1463 748 1508 hoc
785 1461 989 1507 dedecus
1019 1461 1270 1522 quomodo
1303 1463 1482 1519 celem,

264 1538 387 1586 Scio.
421 1549 611 1583 tantum
641 1536 778 1581 herus
804 1545 949 1594 atque
982 1550 1069 1598 ego
1098 1532 1275 1598 flagitio
1314 1535 1548 1596 superavi-

520 1626 626 1654 mus
659 1607 838 1668 nuptiis
863 1606 1042 1652 nostris.

266 1686 338 1731 Ita
366 1701 497 1731 nunc
527 1682 718 1745 pudeo,
755 1693 901 1741 atque
930 1681 994 1726 ita
1023 1696 1154 1726 nunc
1186 1697 1338 1741 paveo
1360 1715 1373 1738 ,
1401 1691 1545 1742 atque

521 1755 585 1800 ita
617 1755 668 1799 in
700 1753 957 1799 ridiculum
990 1769 1149 1798 sumus
1177 1753 1334 1799 ambo.

267 1828 362 1876 Sed
390 1845 478 1892 ego
505 1827 724 1888 insipiens
744 1842 868 1871 nova
884 1841 1015 1870 nunc
1039 1824 1186 1869 facio:
1206 1824 1359 1884 pudet
1373 1859 1387 1881 ‚
1410 1825 1546 1886 quod

519 1900 647 1961 prius
676 1915 777 1944 non
807 1897 1035 1959 puditum
1065 1913 1301 1957 umquam
1332 1908 1411 1943 est.

269 1975 479 2036 Operam
513 1972 648 2028 date,
678 1971 797 2016 dum
827 1987 932 2016 mea
955 1969 1074 2015 facta
1099 1969 1247 2015 itero:
1281 1980 1348 2015 est
1379 1986 1546 2031 operae

520 2043 709 2089 auribus
738 2042 991 2103 percipere.

267 2120 339 2165 Ita
372 2117 568 2164 ridicula
611 2116 805 2173 auditu,
839 2116 1009 2161 iteratu
1027 2148 1042 2172 ‚
1072 2131 1125 2160 ea
1157 2125 1268 2160 sunt
1301 2131 1422 2176 quae
1456 2130 1542 2177 ego

517 2192 644 2236 intus
673 2190 900 2236 turbavi*

266 2264 360 2310 Ubi
384 2266 509 2310 intus
535 2266 656 2310 hanc
678 2281 857 2310 novam
880 2273 1083 2324 nuptam
1103 2262 1282 2308 deduxi
1300 2261 1372 2307 via
1390 2271 1529 2317 recta,

526 2340 708 2384 clavem

267 2409 487 2457 Abduxi:
517 2411 598 2455 sed
626 2422 787 2460 tamen
817 2413 1037 2460 tenebrae
1062 2411 1129 2458 ibi
1149 2419 1277 2456 erant
1295 2418 1543 2467 tamquam

708 2486 732 2499 *b

517 2498 619 2528 nox
649 2485 673 2511 *
