<?xml version="1.0" encoding="UTF-8"?>
<!DOCTYPE html PUBLIC "-//W3C//DTD XHTML 1.0 Transitional//EN"
    "http://www.w3.org/TR/xhtml1/DTD/xhtml1-transitional.dtd">
<html xmlns="http://www.w3.org/1999/xhtml" xml:lang="en" lang="en">
 <head>
  <title>
</title>
<meta http-equiv="Content-Type" content="text/html;charset=utf-8" />
  <meta name='ocr-system' content='tesseract 3.04.00' />
  <meta name='ocr-capabilities' content='ocr_page ocr_carea ocr_par ocr_line ocrx_word'/>
</head>
<body>
  <div class='ocr_page' id='page_1' title='image "./comoediaesuperst01plauuoft_0367.png"; bbox 0 0 1650 2826; ppageno 0'>
   <div class='ocr_carea' id='block_1_1' title="bbox 113 207 1383 271">
    <p class='ocr_par' dir='ltr' id='par_1_1' title="bbox 113 207 1383 271">
     <span class='ocr_line' id='line_1_1' title="bbox 113 207 1383 271; baseline -0.007 -6"><span class='ocrx_word' id='word_1_1' title='bbox 113 215 272 266; x_wconf 76' lang='lat' dir='ltr'>v.118</span> <span class='ocrx_word' id='word_1_2' title='bbox 418 207 703 258; x_wconf 88' lang='lat' dir='ltr'>ACTUS</span> <span class='ocrx_word' id='word_1_3' title='bbox 771 209 890 254; x_wconf 92' lang='grc' dir='ltr'><strong>ΙΙΙ.</strong></span> <span class='ocrx_word' id='word_1_4' title='bbox 941 207 1042 255; x_wconf 89' lang='lat' dir='ltr'><strong>SC.</strong></span> <span class='ocrx_word' id='word_1_5' title='bbox 1092 210 1132 257; x_wconf 91' lang='grc' dir='ltr'><strong>Ι.</strong></span> <span class='ocrx_word' id='word_1_6' title='bbox 1294 226 1383 271; x_wconf 79' lang='lat'>3-13</span> 
     </span>
    </p>
   </div>
   <div class='ocr_carea' id='block_1_2' title="bbox 80 317 1393 1169">
    <p class='ocr_par' dir='ltr' id='par_1_2' title="bbox 80 317 1393 1169">
     <span class='ocr_line' id='line_1_2' title="bbox 113 317 1256 378; baseline -0.007 -9"><span class='ocrx_word' id='word_1_7' title='bbox 113 325 186 369; x_wconf 91' lang='lat' dir='ltr'><strong>Ita</strong></span> <span class='ocrx_word' id='word_1_8' title='bbox 212 322 326 378; x_wconf 91' lang='lat' dir='ltr'><strong>feci,</strong></span> <span class='ocrx_word' id='word_1_9' title='bbox 350 331 406 366; x_wconf 88' lang='lat' dir='ltr'><strong>ut</strong></span> <span class='ocrx_word' id='word_1_10' title='bbox 429 320 528 366; x_wconf 83' lang='lat' dir='ltr'><strong>auri</strong></span> <span class='ocrx_word' id='word_1_11' title='bbox 564 327 799 378; x_wconf 84' lang='lat' dir='ltr'><strong>quantum</strong></span> <span class='ocrx_word' id='word_1_12' title='bbox 825 317 994 373; x_wconf 83' lang='lat' dir='ltr'><strong>vellet,</strong></span> <span class='ocrx_word' id='word_1_13' title='bbox 1023 327 1226 362; x_wconf 85' lang='lat' dir='ltr'>sumeret</span> <span class='ocrx_word' id='word_1_14' title='bbox 1247 335 1256 361; x_wconf 91' lang='lat'><strong>:</strong></span> 
     </span>
     <span class='ocr_line' id='line_1_3' title="bbox 116 387 1387 462; baseline -0.006 -22"><span class='ocrx_word' id='word_1_15' title='bbox 116 395 371 462; x_wconf 75' lang='lat' dir='ltr'><strong>Quantum</strong></span> <span class='ocrx_word' id='word_1_16' title='bbox 396 402 556 438; x_wconf 89' lang='lat' dir='ltr'><strong>autem</strong></span> <span class='ocrx_word' id='word_1_17' title='bbox 585 389 726 435; x_wconf 87' lang='lat' dir='ltr'><strong>libeat</strong></span> <span class='ocrx_word' id='word_1_18' title='bbox 751 388 947 433; x_wconf 86' lang='lat' dir='ltr'><strong>reddere</strong></span> <span class='ocrx_word' id='word_1_19' title='bbox 963 423 976 443; x_wconf 89' lang='lat'>‚</span> <span class='ocrx_word' id='word_1_20' title='bbox 997 398 1051 433; x_wconf 92' lang='lat' dir='ltr'><strong>ut</strong></span> <span class='ocrx_word' id='word_1_21' title='bbox 1069 387 1232 433; x_wconf 87' lang='lat' dir='ltr'><strong>reddat</strong></span> <span class='ocrx_word' id='word_1_22' title='bbox 1252 388 1387 448; x_wconf 72' lang='lat' dir='ltr'><strong>patri.</strong></span> 
     </span>
     <span class='ocr_line' id='line_1_4' title="bbox 118 459 1321 523; baseline -0.007 -12"><span class='ocrx_word' id='word_1_23' title='bbox 118 465 275 516; x_wconf 85' lang='lat' dir='ltr'><strong>Senex</strong></span> <span class='ocrx_word' id='word_1_24' title='bbox 299 464 348 517; x_wconf 85' lang='lat' dir='ltr'><strong>in</strong></span> <span class='ocrx_word' id='word_1_25' title='bbox 378 462 618 523; x_wconf 90' lang='lat' dir='ltr'><strong>Ephesum</strong></span> <span class='ocrx_word' id='word_1_26' title='bbox 640 460 750 506; x_wconf 87' lang='lat' dir='ltr'><strong>hinc</strong></span> <span class='ocrx_word' id='word_1_27' title='bbox 778 459 871 505; x_wconf 86' lang='lat' dir='ltr'><strong>ibit·</strong></span> <span class='ocrx_word' id='word_1_28' title='bbox 891 476 1059 505; x_wconf 89' lang='lat' dir='ltr'><strong>aurum</strong></span> <span class='ocrx_word' id='word_1_29' title='bbox 1082 475 1321 504; x_wconf 84' lang='lat' dir='ltr'><strong>arcessere:</strong></span> 
     </span>
     <span class='ocr_line' id='line_1_5' title="bbox 116 532 1307 598; baseline -0.004 -15"><span class='ocrx_word' id='word_1_30' title='bbox 116 537 209 583; x_wconf 86' lang='lat' dir='ltr'><strong>Hic</strong></span> <span class='ocrx_word' id='word_1_31' title='bbox 234 545 388 582; x_wconf 88' lang='lat' dir='ltr'><strong>nostra</strong></span> <span class='ocrx_word' id='word_1_32' title='bbox 414 544 576 598; x_wconf 86' lang='lat' dir='ltr'><strong>agetur</strong></span> <span class='ocrx_word' id='word_1_33' title='bbox 601 543 717 579; x_wconf 87' lang='lat' dir='ltr'><strong>aetas</strong></span> <span class='ocrx_word' id='word_1_34' title='bbox 742 533 791 578; x_wconf 92' lang='lat' dir='ltr'><strong>in</strong></span> <span class='ocrx_word' id='word_1_35' title='bbox 818 533 1050 578; x_wconf 89' lang='lat' dir='ltr'><strong>malacum</strong></span> <span class='ocrx_word' id='word_1_36' title='bbox 1074 532 1274 578; x_wconf 87' lang='lat' dir='ltr'><strong>modum</strong></span> <span class='ocrx_word' id='word_1_37' title='bbox 1297 552 1307 582; x_wconf 94' lang='grc'><strong>;</strong></span> 
     </span>
     <span class='ocr_line' id='line_1_6' title="bbox 119 603 1392 668; baseline -0.004 -14"><span class='ocrx_word' id='word_1_38' title='bbox 119 606 171 654; x_wconf 87' lang='lat' dir='ltr'><strong>Si</strong></span> <span class='ocrx_word' id='word_1_39' title='bbox 208 605 404 668; x_wconf 87' lang='lat' dir='ltr'><strong>quidem</strong></span> <span class='ocrx_word' id='word_1_40' title='bbox 437 606 513 651; x_wconf 89' lang='lat' dir='ltr'><strong>hic</strong></span> <span class='ocrx_word' id='word_1_41' title='bbox 550 605 821 666; x_wconf 83' lang='lat' dir='ltr'><strong>relinquet,</strong></span> <span class='ocrx_word' id='word_1_42' title='bbox 857 621 944 650; x_wconf 89' lang='lat' dir='ltr'><strong>nec</strong></span> <span class='ocrx_word' id='word_1_43' title='bbox 983 621 1144 650; x_wconf 90' lang='lat' dir='ltr'><strong>secum</strong></span> <span class='ocrx_word' id='word_1_44' title='bbox 1186 603 1392 650; x_wconf 89' lang='lat' dir='ltr'><strong>abducet</strong></span> 
     </span>
     <span class='ocr_line' id='line_1_7' title="bbox 367 694 1255 729; baseline -0.003 -5"><span class='ocrx_word' id='word_1_45' title='bbox 367 694 511 724; x_wconf 88' lang='lat' dir='ltr'><strong>senex</strong></span> <span class='ocrx_word' id='word_1_46' title='bbox 1247 723 1255 729; x_wconf 66' lang='grc'>,</span> 
     </span>
     <span class='ocr_line' id='line_1_8' title="bbox 113 748 1382 815; baseline -0.002 -16"><span class='ocrx_word' id='word_1_47' title='bbox 113 748 232 799; x_wconf 87' lang='lat' dir='ltr'><strong>Med</strong></span> <span class='ocrx_word' id='word_1_48' title='bbox 250 762 296 798; x_wconf 89' lang='lat' dir='ltr'><strong>et</strong></span> <span class='ocrx_word' id='word_1_49' title='bbox 315 751 679 797; x_wconf 89' lang='lat' dir='ltr'><strong>Mnesilochum.</strong></span> <span class='ocrx_word' id='word_1_50' title='bbox 707 767 820 811; x_wconf 89' lang='lat' dir='ltr'><strong>quas</strong></span> <span class='ocrx_word' id='word_1_51' title='bbox 849 767 934 815; x_wconf 86' lang='lat' dir='ltr'><strong>ego</strong></span> <span class='ocrx_word' id='word_1_52' title='bbox 946 749 1034 795; x_wconf 55' lang='lat' dir='ltr'><strong>‘hic</strong></span> <span class='ocrx_word' id='word_1_53' title='bbox 1059 749 1215 794; x_wconf 78' lang='lat' dir='ltr'><strong>turbas</strong></span> <span class='ocrx_word' id='word_1_54' title='bbox 1236 749 1382 796; x_wconf 88' lang='lat' dir='ltr'><strong>dabo!</strong></span> 
     </span>
     <span class='ocr_line' id='line_1_9' title="bbox 80 822 1393 887; baseline -0.003 -16"><span class='ocrx_word' id='word_1_55' title='bbox 80 885 86 887; x_wconf 36' lang='grc'>-</span> <span class='ocrx_word' id='word_1_56' title='bbox 119 824 214 872; x_wconf 88' lang='lat' dir='ltr'><strong>Sed</strong></span> <span class='ocrx_word' id='word_1_57' title='bbox 250 824 370 885; x_wconf 91' lang='lat' dir='ltr'><strong>quid</strong></span> <span class='ocrx_word' id='word_1_58' title='bbox 402 824 619 870; x_wconf 88' lang='lat' dir='ltr'><strong>futurum</strong></span> <span class='ocrx_word' id='word_1_59' title='bbox 645 825 698 869; x_wconf 91' lang='lat' dir='ltr'><strong>’st</strong></span> <span class='ocrx_word' id='word_1_60' title='bbox 719 858 732 881; x_wconf 80' lang='lat'>‚</span> <span class='ocrx_word' id='word_1_61' title='bbox 768 840 920 884; x_wconf 90' lang='lat' dir='ltr'><strong>quom</strong></span> <span class='ocrx_word' id='word_1_62' title='bbox 954 822 1046 868; x_wconf 93' lang='lat' dir='ltr'><strong>hoc</strong></span> <span class='ocrx_word' id='word_1_63' title='bbox 1083 838 1226 868; x_wconf 86' lang='lat' dir='ltr'><strong>senex</strong></span> <span class='ocrx_word' id='word_1_64' title='bbox 1258 823 1393 868; x_wconf 89' lang='lat' dir='ltr'><strong>resci-</strong></span> 
     </span>
     <span class='ocr_line' id='line_1_10' title="bbox 371 896 1137 942; baseline -0.004 0"><span class='ocrx_word' id='word_1_65' title='bbox 371 896 520 942; x_wconf 87' lang='lat' dir='ltr'><strong>verit?</strong></span> <span class='ocrx_word' id='word_1_66' title='bbox 1133 937 1137 939; x_wconf 90' lang='grc'><em>,</em></span> 
     </span>
     <span class='ocr_line' id='line_1_11' title="bbox 121 968 1317 1037; baseline -0.001 -23"><span class='ocrx_word' id='word_1_67' title='bbox 121 969 291 1037; x_wconf 78' lang='lat' dir='ltr'><strong>Quom</strong></span> <span class='ocrx_word' id='word_1_68' title='bbox 322 985 368 1015; x_wconf 90' lang='lat' dir='ltr'><strong>se</strong></span> <span class='ocrx_word' id='word_1_69' title='bbox 402 970 709 1015; x_wconf 87' lang='lat' dir='ltr'><strong>excucurrisse</strong></span> <span class='ocrx_word' id='word_1_70' title='bbox 738 969 849 1015; x_wconf 90' lang='lat' dir='ltr'><strong>illuc</strong></span> <span class='ocrx_word' id='word_1_71' title='bbox 877 968 1042 1014; x_wconf 85' lang='lat' dir='ltr'><strong>frustra</strong></span> <span class='ocrx_word' id='word_1_72' title='bbox 1073 968 1254 1015; x_wconf 88' lang='lat' dir='ltr'><strong>sciverit</strong></span> <span class='ocrx_word' id='word_1_73' title='bbox 1271 1001 1285 1024; x_wconf 92' lang='lat'>,</span> <span class='ocrx_word' id='word_1_74' title='bbox 1311 992 1317 993; x_wconf 41' lang='lat'><em>⁷</em></span> 
     </span>
     <span class='ocr_line' id='line_1_12' title="bbox 120 1038 1329 1102; baseline -0.002 -16"><span class='ocrx_word' id='word_1_75' title='bbox 120 1041 316 1101; x_wconf 89' lang='lat' dir='ltr'><strong>Nosque</strong></span> <span class='ocrx_word' id='word_1_76' title='bbox 340 1038 507 1088; x_wconf 81' lang='lat' dir='ltr'><strong>aurum</strong></span> <span class='ocrx_word' id='word_1_77' title='bbox 534 1042 729 1088; x_wconf 85' lang='lat' dir='ltr'><strong>abusos?</strong></span> <span class='ocrx_word' id='word_1_78' title='bbox 757 1041 875 1102; x_wconf 90' lang='lat' dir='ltr'><strong>quid</strong></span> <span class='ocrx_word' id='word_1_79' title='bbox 899 1041 1015 1086; x_wconf 86' lang='lat' dir='ltr'><strong>mihi</strong></span> <span class='ocrx_word' id='word_1_80' title='bbox 1035 1041 1116 1086; x_wconf 87' lang='lat' dir='ltr'><strong>fiet</strong></span> <span class='ocrx_word' id='word_1_81' title='bbox 1136 1040 1329 1101; x_wconf 80' lang='lat' dir='ltr'><strong>postea?</strong></span> 
     </span>
     <span class='ocr_line' id='line_1_13' title="bbox 123 1112 1349 1169; baseline 0.001 -13"><span class='ocrx_word' id='word_1_82' title='bbox 123 1112 276 1157; x_wconf 86' lang='lat' dir='ltr'><strong>Credo</strong></span> <span class='ocrx_word' id='word_1_83' title='bbox 303 1114 456 1158; x_wconf 90' lang='lat' dir='ltr'><strong>hercle</strong></span> <span class='ocrx_word' id='word_1_84' title='bbox 488 1113 738 1159; x_wconf 83' lang='lat' dir='ltr'><strong>adveniens</strong></span> <span class='ocrx_word' id='word_1_85' title='bbox 768 1130 947 1159; x_wconf 90' lang='lat' dir='ltr'><strong>nomen</strong></span> <span class='ocrx_word' id='word_1_86' title='bbox 978 1114 1180 1159; x_wconf 84' lang='lat' dir='ltr'><strong>mutabit</strong></span> <span class='ocrx_word' id='word_1_87' title='bbox 1208 1113 1349 1169; x_wconf 81' lang='lat' dir='ltr'><strong>mihi,</strong></span> 
     </span>
    </p>
   </div>
   <div class='ocr_carea' id='block_1_3' title="bbox 123 1183 1393 1319">
    <p class='ocr_par' dir='ltr' id='par_1_3' title="bbox 123 1183 1393 1319">
     <span class='ocr_line' id='line_1_14' title="bbox 124 1183 1393 1247; baseline 0.003 -19"><span class='ocrx_word' id='word_1_88' title='bbox 124 1183 377 1244; x_wconf 87' lang='lat' dir='ltr'><strong>Facietque</strong></span> <span class='ocrx_word' id='word_1_89' title='bbox 396 1187 636 1244; x_wconf 84' lang='lat' dir='ltr'><strong>extemplo</strong></span> <span class='ocrx_word' id='word_1_90' title='bbox 657 1186 941 1231; x_wconf 82' lang='lat' dir='ltr'><strong>Crucisalum</strong></span> <span class='ocrx_word' id='word_1_91' title='bbox 965 1203 1042 1232; x_wconf 91' lang='lat' dir='ltr'><strong>me</strong></span> <span class='ocrx_word' id='word_1_92' title='bbox 1070 1203 1129 1232; x_wconf 88' lang='lat' dir='ltr'><strong>ex</strong></span> <span class='ocrx_word' id='word_1_93' title='bbox 1156 1186 1393 1247; x_wconf 75' lang='lat' dir='ltr'><strong>Chrysalo,</strong></span> 
     </span>
     <span class='ocr_line' id='line_1_15' title="bbox 123 1253 1167 1319; baseline 0.003 -20"><span class='ocrx_word' id='word_1_94' title='bbox 123 1253 365 1318; x_wconf 86' lang='lat' dir='ltr'><strong>Aufugero</strong></span> <span class='ocrx_word' id='word_1_95' title='bbox 401 1256 578 1310; x_wconf 80' lang='lat' dir='ltr'><strong>hercle,</strong></span> <span class='ocrx_word' id='word_1_96' title='bbox 607 1256 641 1300; x_wconf 88' lang='lat' dir='ltr'><strong>si</strong></span> <span class='ocrx_word' id='word_1_97' title='bbox 672 1257 811 1319; x_wconf 85' lang='lat' dir='ltr'><strong>magis</strong></span> <span class='ocrx_word' id='word_1_98' title='bbox 840 1275 947 1302; x_wconf 85' lang='lat' dir='ltr'><strong>usus</strong></span> <span class='ocrx_word' id='word_1_99' title='bbox 974 1258 1167 1304; x_wconf 87' lang='lat' dir='ltr'><strong>venerit.</strong></span> 
     </span>
    </p>
   </div>
   <div class='ocr_carea' id='block_1_4' title="bbox 127 1326 1396 1680">
    <p class='ocr_par' dir='ltr' id='par_1_4' title="bbox 127 1326 1396 1463">
     <span class='ocr_line' id='line_1_16' title="bbox 127 1326 1396 1391; baseline 0.002 -19"><span class='ocrx_word' id='word_1_100' title='bbox 127 1326 177 1372; x_wconf 89' lang='lat' dir='ltr'><strong>Si</strong></span> <span class='ocrx_word' id='word_1_101' title='bbox 216 1344 294 1373; x_wconf 92' lang='lat' dir='ltr'><strong>ero</strong></span> <span class='ocrx_word' id='word_1_102' title='bbox 330 1327 659 1387; x_wconf 84' lang='lat' dir='ltr'><strong>reprehensus,</strong></span> <span class='ocrx_word' id='word_1_103' title='bbox 698 1338 852 1373; x_wconf 79' lang='lat' dir='ltr'><strong>macto</strong></span> <span class='ocrx_word' id='word_1_104' title='bbox 892 1345 977 1391; x_wconf 85' lang='lat' dir='ltr'><strong>ego</strong></span> <span class='ocrx_word' id='word_1_105' title='bbox 1021 1329 1157 1374; x_wconf 88' lang='lat' dir='ltr'><strong>illum</strong></span> <span class='ocrx_word' id='word_1_106' title='bbox 1193 1329 1396 1374; x_wconf 90' lang='lat' dir='ltr'><strong>infortu-</strong></span> 
     </span>
     <span class='ocr_line' id='line_1_17' title="bbox 376 1415 599 1463; baseline 0 -20"><span class='ocrx_word' id='word_1_107' title='bbox 376 1415 484 1443; x_wconf 79' lang='lat' dir='ltr'><strong>nio:</strong></span> <span class='ocrx_word' id='word_1_108' title='bbox 597 1460 599 1463; x_wconf 18' lang='grc' dir='ltr'>ι</span> 
     </span>
    </p>

    <p class='ocr_par' dir='ltr' id='par_1_5' title="bbox 128 1469 1362 1537">
     <span class='ocr_line' id='line_1_18' title="bbox 128 1469 1362 1537; baseline 0.002 -20"><span class='ocrx_word' id='word_1_109' title='bbox 128 1469 176 1517; x_wconf 88' lang='lat' dir='ltr'><strong>Si</strong></span> <span class='ocrx_word' id='word_1_110' title='bbox 202 1472 268 1516; x_wconf 88' lang='lat' dir='ltr'><strong>illi</strong></span> <span class='ocrx_word' id='word_1_111' title='bbox 289 1483 397 1517; x_wconf 90' lang='lat' dir='ltr'><strong>sunt</strong></span> <span class='ocrx_word' id='word_1_112' title='bbox 415 1472 567 1534; x_wconf 87' lang='lat' dir='ltr'><strong>virgae</strong></span> <span class='ocrx_word' id='word_1_113' title='bbox 589 1473 710 1530; x_wconf 81' lang='lat' dir='ltr'><strong>ruri,</strong></span> <span class='ocrx_word' id='word_1_114' title='bbox 735 1484 780 1518; x_wconf 88' lang='lat' dir='ltr'><strong>at</strong></span> <span class='ocrx_word' id='word_1_115' title='bbox 801 1472 919 1517; x_wconf 86' lang='lat' dir='ltr'><strong>mihi</strong></span> <span class='ocrx_word' id='word_1_116' title='bbox 936 1483 1122 1537; x_wconf 87' lang='lat' dir='ltr'><strong>tergum</strong></span> <span class='ocrx_word' id='word_1_117' title='bbox 1143 1474 1276 1519; x_wconf 84' lang='lat' dir='ltr'><strong>domi</strong></span> <span class='ocrx_word' id='word_1_118' title='bbox 1295 1475 1362 1519; x_wconf 84' lang='lat' dir='ltr'><strong>’st.</strong></span> 
     </span>
    </p>

    <p class='ocr_par' dir='ltr' id='par_1_6' title="bbox 128 1544 1272 1600">
     <span class='ocr_line' id='line_1_19' title="bbox 128 1544 1272 1600; baseline 0.001 -12"><span class='ocrx_word' id='word_1_119' title='bbox 128 1545 270 1589; x_wconf 90' lang='lat' dir='ltr'><strong>Nunc</strong></span> <span class='ocrx_word' id='word_1_120' title='bbox 299 1544 379 1589; x_wconf 91' lang='lat' dir='ltr'><strong>ibo</strong></span> <span class='ocrx_word' id='word_1_121' title='bbox 396 1578 409 1599; x_wconf 84' lang='lat'>‚</span> <span class='ocrx_word' id='word_1_122' title='bbox 439 1544 571 1588; x_wconf 87' lang='lat' dir='ltr'><strong>herili</strong></span> <span class='ocrx_word' id='word_1_123' title='bbox 602 1545 699 1589; x_wconf 88' lang='lat' dir='ltr'><strong>filio</strong></span> <span class='ocrx_word' id='word_1_124' title='bbox 727 1545 845 1590; x_wconf 89' lang='lat' dir='ltr'><strong>hanc</strong></span> <span class='ocrx_word' id='word_1_125' title='bbox 872 1544 1089 1590; x_wconf 85' lang='lat' dir='ltr'><strong>fabricam</strong></span> <span class='ocrx_word' id='word_1_126' title='bbox 1121 1544 1272 1600; x_wconf 84' lang='lat' dir='ltr'><strong>dabo,</strong></span> 
     </span>
    </p>

    <p class='ocr_par' dir='ltr' id='par_1_7' title="bbox 128 1609 1346 1680">
     <span class='ocr_line' id='line_1_20' title="bbox 128 1609 1346 1680; baseline -0.001 -16"><span class='ocrx_word' id='word_1_127' title='bbox 128 1615 278 1677; x_wconf 88' lang='lat' dir='ltr'><strong>Super</strong></span> <span class='ocrx_word' id='word_1_128' title='bbox 307 1633 419 1662; x_wconf 90' lang='lat' dir='ltr'><strong>auro</strong></span> <span class='ocrx_word' id='word_1_129' title='bbox 440 1651 454 1673; x_wconf 82' lang='lat'>,</span> <span class='ocrx_word' id='word_1_130' title='bbox 485 1609 727 1677; x_wconf 86' lang='lat' dir='ltr'><strong>amicaque</strong></span> <span class='ocrx_word' id='word_1_131' title='bbox 759 1618 856 1680; x_wconf 85' lang='lat' dir='ltr'><strong>ejus</strong></span> <span class='ocrx_word' id='word_1_132' title='bbox 882 1617 1076 1663; x_wconf 88' lang='lat' dir='ltr'><strong>inventa</strong></span> <span class='ocrx_word' id='word_1_133' title='bbox 1105 1617 1346 1664; x_wconf 89' lang='lat' dir='ltr'><strong>Bacchide.</strong></span> 
     </span>
    </p>
   </div>
   <div class='ocr_carea' id='block_1_5' title="bbox 428 1773 1094 1971">
    <p class='ocr_par' dir='ltr' id='par_1_8' title="bbox 428 1773 1094 1971">
     <span class='ocr_line' id='line_1_21' title="bbox 428 1773 1094 1835; baseline 0.006 -5"><span class='ocrx_word' id='word_1_134' title='bbox 428 1773 860 1832; x_wconf 90' lang='lat' dir='ltr'><strong>ACTUS</strong></span> <span class='ocrx_word' id='word_1_135' title='bbox 937 1777 1094 1835; x_wconf 91' lang='grc' dir='ltr'><strong>ΙΙΙ.</strong></span> 
     </span>
     <span class='ocr_line' id='line_1_22' title="bbox 556 1922 983 1971; baseline 0.002 -3"><span class='ocrx_word' id='word_1_136' title='bbox 556 1922 879 1971; x_wconf 84' lang='lat' dir='ltr'><em>SCENA</em></span> <span class='ocrx_word' id='word_1_137' title='bbox 942 1926 983 1969; x_wconf 88' lang='grc' dir='ltr'><strong>Ι.</strong></span> 
     </span>
    </p>
   </div>
   <div class='ocr_carea' id='block_1_6' title="bbox 615 2063 935 2097">
    <p class='ocr_par' dir='ltr' id='par_1_9' title="bbox 615 2063 935 2097">
     <span class='ocr_line' id='line_1_23' title="bbox 615 2063 935 2097; baseline 0 -2"><span class='ocrx_word' id='word_1_138' title='bbox 615 2063 935 2097; x_wconf 85' lang='lat' dir='ltr'><strong>LYDUS.</strong></span> 
     </span>
    </p>
   </div>
   <div class='ocr_carea' id='block_1_7' title="bbox 133 2140 1401 2486">
    <p class='ocr_par' dir='ltr' id='par_1_10' title="bbox 133 2140 1401 2331">
     <span class='ocr_line' id='line_1_24' title="bbox 133 2140 1401 2270; baseline 0.002 -20"><span class='ocrx_word' id='word_1_139' title='bbox 133 2140 429 2254; x_wconf 81' lang='lat' dir='ltr'><strong>PANDITE</strong></span> <span class='ocrx_word' id='word_1_140' title='bbox 448 2236 461 2258; x_wconf 84' lang='lat'>,</span> <span class='ocrx_word' id='word_1_141' title='bbox 491 2212 634 2262; x_wconf 79' lang='lat' dir='ltr'><strong>atque</strong></span> <span class='ocrx_word' id='word_1_142' title='bbox 654 2203 827 2264; x_wconf 86' lang='lat' dir='ltr'><strong>aperite</strong></span> <span class='ocrx_word' id='word_1_143' title='bbox 848 2219 1047 2265; x_wconf 89' lang='lat' dir='ltr'><strong>propere</strong></span> <span class='ocrx_word' id='word_1_144' title='bbox 1060 2204 1257 2270; x_wconf 84' lang='lat' dir='ltr'><strong>januam</strong></span> <span class='ocrx_word' id='word_1_145' title='bbox 1280 2207 1401 2253; x_wconf 88' lang='lat' dir='ltr'><strong>hanc</strong></span> 
     </span>
     <span class='ocr_line' id='line_1_25' title="bbox 384 2274 1336 2331; baseline -0.001 -12"><span class='ocrx_word' id='word_1_146' title='bbox 384 2275 526 2331; x_wconf 85' lang='lat' dir='ltr'><strong>Orci,</strong></span> <span class='ocrx_word' id='word_1_147' title='bbox 564 2274 755 2320; x_wconf 85' lang='lat' dir='ltr'><strong>obsecro</strong></span> <span class='ocrx_word' id='word_1_148' title='bbox 774 2294 784 2319; x_wconf 75' lang='grc' dir='ltr'>ε</span> <span class='ocrx_word' id='word_1_149' title='bbox 1332 2286 1336 2288; x_wconf 87' lang='grc'><strong>’</strong></span> 
     </span>
    </p>

    <p class='ocr_par' dir='ltr' id='par_1_11' title="bbox 136 2346 1400 2486">
     <span class='ocr_line' id='line_1_26' title="bbox 136 2346 1400 2413; baseline 0.002 -19"><span class='ocrx_word' id='word_1_150' title='bbox 136 2346 258 2395; x_wconf 90' lang='lat' dir='ltr'><strong>Nam</strong></span> <span class='ocrx_word' id='word_1_151' title='bbox 276 2347 503 2410; x_wconf 91' lang='lat' dir='ltr'><strong>equidem</strong></span> <span class='ocrx_word' id='word_1_152' title='bbox 525 2347 653 2392; x_wconf 89' lang='lat' dir='ltr'><strong>haud</strong></span> <span class='ocrx_word' id='word_1_153' title='bbox 674 2348 803 2393; x_wconf 86' lang='lat' dir='ltr'><strong>aliter</strong></span> <span class='ocrx_word' id='word_1_154' title='bbox 820 2365 917 2395; x_wconf 88' lang='lat' dir='ltr'><strong>esse</strong></span> <span class='ocrx_word' id='word_1_155' title='bbox 938 2348 1076 2397; x_wconf 93' lang='lat' dir='ltr'><strong>duco.</strong></span> <span class='ocrx_word' id='word_1_156' title='bbox 1101 2351 1281 2413; x_wconf 90' lang='lat' dir='ltr'><strong>quippe</strong></span> <span class='ocrx_word' id='word_1_157' title='bbox 1300 2367 1400 2412; x_wconf 91' lang='lat' dir='ltr'><strong>quo</strong></span> 
     </span>
     <span class='ocr_line' id='line_1_27' title="bbox 379 2420 783 2486; baseline -0.005 -18"><span class='ocrx_word' id='word_1_158' title='bbox 379 2436 531 2486; x_wconf 36' lang='lat' dir='ltr'><strong>‘nemo</strong></span> <span class='ocrx_word' id='word_1_159' title='bbox 562 2420 751 2467; x_wconf 77' lang='lat' dir='ltr'><strong>advenit</strong></span> <span class='ocrx_word' id='word_1_160' title='bbox 766 2454 783 2480; x_wconf 78' lang='lat'>,</span> 
     </span>
    </p>
   </div>
  </div>
 </body>
</html>
