1650 2826
245 182 333 229 106
552 180 1208 231 AMPHITRUO.
1419 198 1516 238 ,ιι

581 371 1026 430 ACTUS
1109 375 1184 434 V.

1277 446 1313 463 §a

654 523 979 571 SCENA
1046 526 1086 570 Ι.

320 661 729 699 ΒΚΟΜΙΑ,
799 662 1442 702 AMPHITRUO..

684 761 1069 795 BROMIA.

231 854 344 966 SP
362 931 390 963 Ε
408 931 429 964 s
468 930 615 980 atque
653 937 765 982 opes
800 921 924 967 vitae
957 938 1091 968 meae
1116 923 1276 987 jacent
1307 927 1518 1003 sepultae

486 993 537 1037 in
574 1004 767 1052 pectore
783 1029 797 1049 ‚

231 1064 404 1126 Neque
438 1066 567 1111 ulla'
571 1079 611 1111 st
651 1067 939 1113 confidentia
958 1069 1060 1132 jam
1093 1086 1203 1117 meo
1237 1072 1288 1117 in
1329 1074 1471 1120 corde
1492 1108 1512 1131 ,

490 1153 612 1197 quin
640 1154 896 1184 am1ser1m:

226 1207 299 1252 Ita
326 1207 446 1252 mihi
467 1208 692 1255 videntur
724 1211 913 1268 omnia,
931 1229 1082 1271 mare,
1106 1224 1258 1274 terra,
1285 1217 1510 1274 coelum,

483 1281 744 1361 consequi,

221 1350 331 1410 Jam
354 1363 410 1398 ut
435 1353 706 1415 opprimar,
730 1363 786 1399 ut
810 1355 977 1401 enicer.
1009 1373 1089 1403 me
1115 1358 1359 1405 miseram!
1393 1361 1516 1422 quid
1581 1350 1584 1356 ¹

481 1444 616 1491 agam
651 1429 822 1474 nescio.

225 1498 299 1545 Ita
335 1511 473 1546 tanta
484 1502 602 1547 mira
619 1502 670 1547 in
687 1501 881 1548 aedibus
906 1515 1018 1580 sunt
1040 1504 1171 1552 facta.
1210 1523 1296 1552 vae
1321 1507 1512 1554 miserae

478 1576 625 1621 mihi'

223 1645 403 1695 Animo
433 1651 591 1696 male'
595 1662 648 1696 st.
690 1668 866 1712 aquam
900 1651 1073 1698 velim!
1110 1665 1343 1715 conrupta
1373 1671 1512 1712 sum,

480 1733 627 1783 atque
657 1723 873 1770 absumta
895 1740 1014 1770 sum.

226 1796 384 1859 Caput
413 1799 571 1858 dolet,
596 1818 758 1862 neque
782 1802 952 1858 audio,
971 1817 1132 1862 neque
1158 1803 1304 1849 oculis
1327 1806 1512 1867 prospi-

477 1874 550 1920 cio
574 1875 676 1919 satis
696 1909 709 1930 ‚

221 1942 323 1993 Nec
349 1962 428 1992 me
450 1947 659 1994 miserior
685 1947 862 1994 femina
877 1948 931 1994 'st
947 1983 960 2005 ‚
990 1964 1150 2009 neque
1174 1950 1271 1995 ulla
1293 1949 1510 2005 videatur

478 2020 638 2084 magis.

222 2090 295 2136 Ita
320 2091 458 2138 herae
486 2109 618 2148 meae
647 2093 793 2139 hodie
831 2093 1044 2158 contigit.
1087 2110 1201 2141 nam
1231 2095 1318 2141 ubi
1349 2105 1507 2156 partu-

476 2166 564 2222 rit,
593 2166 722 2211 Deos
757 2166 844 2212 sibi
872 2167 1075 2229 invocat.

222 2243 452 2305 Strepitus
468 2281 481 2303 ‚
501 2248 705 2308 crepitus
723 2283 737 2305 ,
759 2247 938 2294 sonitus
952 2283 964 2305 ‚
989 2248 1192 2294 tonitrus
1209 2267 1219 2292 ε
1242 2258 1298 2293 ut
1308 2245 1473 2291 subito
1487 2282 1501 2305 ‚

477 2332 532 2366 ut
562 2339 764 2384 propere
780 2358 793 2380 ‚
821 2334 876 2369 ut
897 2323 1051 2368 valide
1073 2323 1232 2369 tonuit
1253 2323 1262 2367 !

224 2401 319 2448 Ubi
338 2403 541 2464 quisque
560 2405 804 2462 institerat,
822 2405 1031 2451 concidit
1049 2405 1242 2466 crepitu.
1260 2404 1328 2450 ibi
1343 2404 1503 2450 nescio

467 2465 583 2537 ‘quis
609 2493 835 2523 maxuma
