1650 2826
233 204 422 249 xxxvt
579 196 913 247 M-ACCI
971 193 1298 249 PLAUTI

242 289 363 358 1622

241 1088 366 1147 1629

242 1154 366 1213 1630

240 1283 362 1340 1635

241 1346 366 1405 1640

232 1926 356 1985 1641

432 307 633 355 Coloniae
662 308 939 370 Allobrogum
967 309 1235 371 (Genevae)
1264 312 1307 367 42
1340 325 1412 370 ap.
1436 306 1520 355 Sag

434 374 580 420 muel.
601 372 884 433 Crispinum.
905 374 1134 418 M.Accius
1151 374 1338 419 Plautus
1356 391 1410 419 ex
1419 374 1519 436 fide

437 450 564 501 atque
592 441 850 483 auctoritate
869 438 1147 502 complurium
1167 439 1369 499 librorum
1386 438 1513 485 MSS.

434 520 564 567 opera
579 501 759 565 Dionys.
780 502 1000 547 Lambini
1019 502 1359 548 Monstroliensis
1381 519 1518 548 emen-

435 568 588 613 datus:
618 567 669 611 ab
692 567 907 629 eodemque
934 569 1246 612 commentariis
1263 567 1519 631 explicatus.

435 632 568 679 Nunc
601 631 734 676 denuo
757 632 988 695 plurimis,
1015 648 1123 693 quae
1149 633 1193 677 in
1219 631 1520 696 praecedenti-

436 698 511 743 bus
540 695 792 741 editionibus
811 697 1096 759 irrepserant,
1124 696 1286 741 mendis
1307 713 1520 760 repurga-

435 774 529 807 tus:
555 760 783 822 multisque
816 761 859 805 in
893 761 995 804 locis
1024 761 1067 805 in
1091 763 1288 822 gratiam
1316 763 1517 823 antiqua-

434 828 598 872 riorum
635 824 893 870 illustratus.
934 824 1087 869 Additi
1113 841 1271 887 quoque
1304 838 1406 870 sunt
1434 824 1517 870 duo

430 890 601 937 Indices
635 890 919 953 copiosissimi.
955 888 1086 934 Prior
1116 890 1365 938 verborum,
1407 891 1518 935 locu·-

435 957 599 1000 tionum
635 966 677 998 et
717 955 1058 999 sententiarum:
1091 956 1332 1018 posterior,
1374 970 1516 1000 eorum

431 1036 538 1083 quae
562 1020 874 1064 commentariis
888 1017 952 1064 D.
969 1018 1174 1064 Lambini
1189 1020 1472 1065 continentur.

433 1082 662 1130 Amstelod.
702 1084 773 1130 16.
799 1099 869 1143 ap.
892 1082 1017 1128 Guil.
1034 1081 1246 1140 Jansson.

431 1149 532 1195 ibid.
557 1164 628 1208 ap.
650 1150 796 1196 eund.
824 1148 962 1195 Isaaci
981 1147 1206 1207 Pontani,
1230 1147 1430 1210 repetita
1455 1162 1515 1194 ex

431 1213 669 1259 ed.1620.

432 1278 642 1339 Lugduni
671 1275 776 1320 Bat.
810 1291 882 1323 12.
913 1293 973 1324 ex
1001 1293 1091 1324 rec.
1122 1276 1226 1323 Nic.
1257 1276 1443 1324 Heinsii.

439 1343 752 1402 Wittebergae.
801 1355 873 1389 12.
914 1359 975 1388 ex
1015 1358 1106 1388 rec.
1141 1341 1264 1406 Aug.
1295 1342 1520 1388 Buclmeri

432 1407 543 1469 (viri
572 1406 771 1466 quidem
800 1405 983 1466 diserti,
1006 1407 1088 1453 sed
1118 1407 1181 1452 ad
1210 1406 1419 1453 criticam
1441 1423 1516 1453 ar·-

429 1483 531 1518 tem
553 1487 725 1532 parum
755 1472 1033 1534 exercitati.)
1319 1500 1322 1501 ν

427 1536 759 1584 Amsterodami,
786 1552 857 1596 ap.
871 1536 1005 1594 Joan.
1033 1547 1081 1583 et
1104 1535 1240 1582 Corn.
1256 1535 1416 1582 Blaeu.
1442 1536 1516 1582 16.

427 1603 491 1651 Μ.
509 1603 563 1647 A.
579 1600 733 1646 Plauti
755 1599 942 1647 Comoed.
967 1613 1145 1666 superst.
1165 1601 1263 1647 ΧΧ.
1276 1601 1348 1647 Ad
1363 1601 1518 1646 doctis*

427 1669 631 1713 simorum
647 1667 834 1712 virorum
854 1666 1054 1712 editiones
1078 1677 1432 1730 repraesentatae.
1445 1690 1514 1700 --

427 1732 597 1777 Plauto
621 1740 730 1789 post
756 1746 804 1789 p.
829 1730 921 1786 640
949 1731 1201 1792 subjuncta
1229 1741 1297 1776 est
1323 1730 1420 1776 vita
1454 1743 1516 1777 ex

425 1794 550 1841 Petr.
581 1793 763 1838 Crinito
795 1804 843 1838 et
873 1793 996 1844 Lilio
1028 1793 1239 1855 Gyraldo
1267 1793 1515 1850 desumta,

427 1874 574 1918 quam
585 1856 830 1917 excipiunt
846 1869 1063 1904 veterum
1082 1857 1143 1903 de
1158 1874 1215 1903 eo
1232 1858 1513 1905 testimonia.

419 1921 737 1986 francofurti,
773 1921 813 1965 8.
849 1922 910 1966 M.
942 1924 1049 1968 Acci
1081 1922 1238 1971 Plauti
1270 1923 1514 1968 Sarsinatis

432 1988 583 2035 Umbri
610 1985 851 2033 Comoediae
876 1986 970 2033 XX
991 1989 1270 2051 superstites.-
1298 1999 1340 2033 et
1368 1986 1514 2052 deper-

424 2054 615 2100 ditarum
634 2050 912 2115 fragmenta.
947 2051 1192 2113 Philippus
1221 2052 1393 2098 Pareus
1425 2063 1509 2098 ter-

427 2121 536 2164 tium
561 2117 798 2163 recensuit,
826 2133 877 2161 ac
893 2117 1005 2162 notis
1013 2118 1238 2181 perpetuis
1256 2117 1508 2163 illustravit.

422 2184 705 2229 Accesserant
721 2192 898 2244 praeter
929 2180 1084 2226 Gildae
1108 2181 1324 2245 Sapientis
1345 2180 1514 2255 Quera-

422 2248 536 2294 lum,
552 2248 681 2290 etiam
695 2246 1121 2292 Animadversz‘onum
1137 2246 1390 2307 ablegmina.
1411 2243 1513 2290 Edi·

425 2313 486 2356 tio
508 2311 833 2355 absolutissima.
865 2309 1170 2373 Francofurti,
1202 2311 1348 2356 vaenit
1375 2311 1419 2354 in
1444 2307 1512 2372 of-

406 2376 556 2440 ficina
580 2375 749 2420 librarii
766 2374 961 2438 Philiffloi
977 2372 1140 2432 Jacobi
1151 2373 1367 2421 Fischeri,
1387 2376 1509 2439 cujus

422 2438 658 2505 sumptibus
662 2439 838 2504 prodiit.
863 2439 947 2485 An.
970 2450 1126 2491 crozo
1136 2449 1288 2488 CXLI.
1314 2437 1373 2484 In
1389 2438 1506 2497 fine:⁴
