1650 2826
237 205 331 265 ηε
534 201 1170 250 AULULARIA
1410 219 1519 256 m1

630 342 959 394 SCENA
1025 348 1118 394 II.

337 482 752 522 EUCLIO,
813 485 1426 525 STROBILUS.

689 603 1065 638 EUCLIO.

244 679 398 792 TU
429 745 581 791 modo
617 761 729 791 cave
765 744 1034 805 quoiquam
1062 745 1292 794 indicassis
1311 780 1326 804 ‚
1355 762 1526 793 aurum

497 834 665 864 meum
691 833 784 863 esse
812 817 911 862 istic
927 852 939 874 ,
964 817 1114 864 Fides.

167 927 169 930 .
247 902 361 950 Non
387 914 555 951 metuo
583 918 645 949 ne
673 902 928 963 quisquam
950 903 1184 950 inveniat:
1218 903 1283 949 ita
1305 903 1459 966 probe
1477 904 1529 949 in

498 976 684 1021 latebris
715 976 859 1020 situm
878 976 944 1021 ’st.

247 1056 437 1118 Edepol
463 1072 551 1101 nae
579 1055 673 1101 illic
695 1056 943 1116 pulchram
965 1056 1190 1118 praedam
1211 1066 1341 1120 agat,
1366 1056 1402 1101 si
1427 1056 1533 1117 quis

501 1130 632 1175 illam
668 1129 903 1175 invenerit

251 1209 427 1258 Aulam
464 1221 687 1257 onustam
725 1210 854 1255 auri!
894 1224 1064 1254 verum
1099 1208 1150 1261 id
1182 1219 1232 1255 te
1270 1225 1444 1270 quaeso
1479 1219 1536 1254 ut

503 1281 782 1343 prohibessis
799 1315 812 1337 ‚
840 1280 990 1326 Fides.

250 1364 395 1412 Nunc
427 1362 599 1409 lavabo
615 1396 628 1419 ‚
656 1373 712 1407 ut
742 1378 845 1407 rem
873 1360 1084 1407 divinam
1114 1360 1280 1408 faciam
1302 1395 1316 1419 ,
1345 1376 1408 1407 ne
1441 1361 1537 1407 affi-

504 1452 618 1481 nem
643 1451 825 1492 morer,

254 1515 395 1585 Quin
425 1513 512 1560 ubi
549 1523 740 1559 arcessat
776 1528 884 1570 me,
918 1527 1076 1558 meam
1102 1510 1356 1572 'extemplo
1391 1510 1539 1556 filiam

514 1588 657 1634 ducat
686 1587 906 1634 domum.

257 1667 382 1714 Vide
398 1701 412 1725 ,
442 1668 577 1714 Fides
594 1703 608 1727 ,
645 1668 788 1713 etiam
823 1679 969 1729 atque
997 1667 1138 1713 etiam
1167 1681 1301 1713 nunc
1320 1699 1336 1724 ‚
1367 1667 1539 1714 salvam

513 1753 569 1787 ut
596 1744 751 1792 aulam
780 1741 859 1787 abs
885 1753 934 1786 te
962 1740 1183 1787 auferam.

259 1822 395 1869 Tuae
424 1823 536 1870 fidei
568 1824 840 1874 concredidi
869 1840 1070 1871 aurum:
1102 1825 1153 1870 in
1183 1835 1270 1870 tuo
1298 1823 1409 1871 fano
1438 1839 1542 1872 mo-

519 1897 584 1943 do
602 1899 656 1943 'st
681 1898 824 1943 situm
844 1916 853 1942 :

631 2000 654 2035 s
692 2001 723 2034 T
758 2002 792 2034 R
829 2000 862 2033 o
897 1996 926 2032 B
959 1999 981 2032 1
1018 1999 1049 2032 1.
1086 1998 1122 2032 U
1157 1998 1195 2033 s.

263 2077 346 2127 Dii
373 2080 674 2126 inmortaies!
712 2079 849 2140 quod
878 2095 966 2144 ego
996 2080 1127 2125 hunc
1155 2078 1404 2126 hominem
1430 2077 1540 2125 faci-

517 2169 606 2199 nus
629 2153 771 2199 audio
793 2152 963 2214 loqui?

263 2230 325 2276 Se
357 2234 514 2279 aulam
551 2245 770 2280 onustam
802 2233 900 2280 auri
937 2233 1200 2280 abstrusisse
1227 2232 1304 2279 hic
1330 2230 1457 2276 intus
1488 2232 1538 2277 in

517 2303 641 2351 fano.
670 2306 830 2365 Fides,

271 2382 396 2430 Cave
422 2395 478 2430 tu
509 2386 577 2429 illi
601 2387 775 2446 fidelis,
799 2405 973 2450 quaeso
990 2421 1004 2448 ,
1024 2386 1184 2449 potius
1204 2383 1343 2432 fueris
1357 2416 1370 2442 ,
1395 2400 1544 2447 quam

519 2457 649 2502 mihi.
