1650 2826
242 209 332 268 558
503 204 1256 254 CISTELLARIA.
1387 211 1517 272 v„54

587 329 620 363 G
659 329 691 362 Y
726 328 769 362 M
804 317 838 362 N
873 328 907 362 A
945 329 967 362 s
1003 330 1025 362 1
1061 330 1098 363 U
1132 331 1196 365 M.'

243 405 492 463 Indidem,
512 404 643 450 unde
665 404 840 461 oritur,
867 403 1008 450 facito
1033 415 1089 450 ut
1116 404 1250 452 facias
1277 406 1523 453 stultitiam

496 478 802 541 sepelibilem.

630 580 651 613 s
689 580 710 612 1
747 580 777 612 L
813 580 843 613 Ε
879 580 912 613 Ν
947 581 967 615 1
1003 580 1039 613 U
1073 581 1131 614 M.

247 649 385 720 Quid
415 648 616 695 faciam?

592 741 626 774 G
662 740 698 773 Y
733 740 776 774 M
812 741 846 773 N
881 741 915 774 A
952 740 974 774 S
1012 741 1034 774 Ι
1069 739 1106 774 'D'
1139 735 1197 776 M.

412 809 469 855 In
493 809 689 855 latebras
709 809 963 869 abscondas
985 821 1177 871 pectore
1203 811 1526 872 penitissumo.

250 883 407 928 Tuam
436 883 683 929 stultitiam
710 884 807 929 sola
829 882 969 930 facito
1001 895 1056 930 ut
1083 883 1191 931 scias
1211 885 1309 932 sine
1335 887 1430 933 aliis
1455 906 1524 934 ar-

501 956 643 1002 bitris.

643 1045 665 1079 S
703 1046 723 1078 1
759 1045 790 1078 L
825 1045 855 1078 E
891 1046 925 1079 N
959 1046 981 1079 I
1016 1046 1052 1079 U
1086 1047 1145 1081 M.

1324 1111 1388 1159 At
1413 1114 1530 1160 mihi

252 1179 534 1227 Cordolium
563 1181 629 1226 ’st.

589 1275 1190 1317 GYMNASIUM.

594 1344 731 1414 Quid
754 1345 834 1391 id?
862 1345 992 1392 unde
1019 1357 1086 1392 est
1114 1347 1203 1393 tibi
1232 1347 1499 1396 cordolium
1518 1385 1531 1407 ,

839 1435 1144 1466 conmemora
1170 1421 1363 1468 obsecro
1381 1423 1403 1468 Ξ)

257 1493 409 1564 Quod
442 1507 603 1552 neque
630 1507 717 1556 ego
753 1492 907 1538 habeo
927 1527 941 1549 ,
968 1509 1129 1554 neque
1161 1495 1417 1556 quisquam
1446 1497 1534 1542 alia

515 1565 686 1611 mulier
706 1600 719 1623 ,
753 1577 808 1612 ut
839 1566 1095 1627 perhibent
1124 1567 1225 1615 viri.

646 1667 668 1700 S
705 1668 725 1700 1
763 1667 792 1700 L
828 1666 863 1699 E
894 1668 926 1700 N
962 1667 982 1700 I
1019 1667 1056 1700 U
1091 1668 1146 1701 M.
1218 1698 1220 1700 ,

258 1736 308 1782 Si
341 1735 462 1798 quid
497 1746 563 1803 est
595 1735 732 1796 quod
764 1734 949 1793 doleat,
980 1736 1143 1782 dolet:
1179 1737 1217 1782 si
1243 1748 1405 1783 autem
1437 1752 1537 1782 non

513 1821 580 1854 est
597 1843 610 1866 ,
636 1819 798 1855 tamen
821 1810 913 1854 hoc
945 1811 1021 1856 hic
1055 1810 1200 1856 dolet.

603 1911 635 1944 G
671 1912 705 1943 Y
742 1911 785 1943 M
820 1912 853 1944 N
888 1911 923 1944 A
959 1911 981 1944 S
1017 1912 1038 1944 I
1075 1911 1110 1944 U
1146 1911 1203 1945 M.

259 1977 401 2023 Amat
428 1978 542 2024 haec
573 1979 758 2023 mulier.

644 2079 1146 2114 SILENIUM.

523 2151 658 2198 Eho!
693 2166 754 2196 an
785 2166 938 2196 amare
968 2149 1179 2210 occipere
1196 2182 1209 2205 ,
1232 2163 1445 2193 amarum
1473 2157 1538 2191 est

868 2236 875 2238 ’
1179 2220 1371 2268 obsecro
1389 2220 1411 2265 Ρ

601 2307 1200 2349 GYMNASIUM.

263 2383 483 2445 Namque
517 2396 690 2429 ecastor
714 2401 846 2429 amor
876 2394 924 2430 et
953 2385 1094 2430 melle
1125 2393 1171 2428 et
1199 2380 1307 2427 felle
1340 2390 1406 2425 est
1436 2378 1538 2426 foe-

516 2455 840 2500 cundissumus
861 2474 870 2500 :
