1650 2826
275 212 369 272 556
534 212 1284 264 CISTELLARIA.
1417 236 1550 283 v.37

274 321 469 382 Aquam
498 320 713 385 frigidam
739 324 938 370 subdole
972 325 1269 374 suffundunt.

272 395 393 442 Viris
425 413 538 442 cum
567 396 656 441 suis
684 399 957 457 praedicant
987 417 1072 446 nos
1104 402 1277 447 solere:

278 467 390 514 Suas
422 469 610 528 pellices
637 485 728 514 esse
755 471 918 533 ajunt:
949 485 1066 519 eunt
1093 473 1390 534 depressum:

275 540 405 609 Quia
431 557 517 586 nos
549 541 796 588 libertinae
826 561 1012 603 sumus,
1044 557 1091 591 et
1119 562 1206 609 ego
1235 557 1281 591 et
1302 557 1383 592 tua
1404 558 1555 595 mater

526 614 693 660 ambae

269 686 535 732 Meretrices
568 687 767 732 fuimus:
787 687 864 733 illa
882 700 929 734 te
942 723 955 745 ‚
975 706 1062 753 ego
1082 691 1203 737 hanc
1220 693 1337 738 mihi
1356 693 1552 740 educavi
1601 679 1609 688 ’

271 757 347 804 Ex
370 759 581 819 patribus
603 761 940 807 conmenticiiS.
962 779 1123 824 neque
1149 782 1234 830 ego
1254 765 1374 812 hanc
1391 784 1552 829 super-

530 832 631 877 biae
659 848 812 878 caussa

265 900 441 964 Repuli
467 904 528 950 ad
545 905 864 951 meretricium
889 918 1138 967 quaestum
1151 944 1165 968 ‚
1185 910 1273 956 nisi
1286 923 1341 958 ut
1354 928 1415 958 ne
1432 930 1535 959 esu-

526 993 679 1022 ntem.

663 1071 684 1103 S
722 1072 743 1103 I
778 1072 808 1104 L
844 1074 874 1106 E
913 1075 946 1107 N
980 1076 1003 1108 I
1037 1076 1072 1108 U
1109 1077 1165 1110 M.

272 1135 336 1183 At
356 1138 493 1184 satius
510 1137 660 1183 fuerat
682 1154 786 1184 eam
802 1140 904 1185 viro
928 1140 1035 1188 dare
1056 1154 1267 1206 nuptum
1288 1143 1460 1204 potius.

772 1232 804 1264 L
839 1233 868 1264 Ε
905 1234 939 1266 Ν
975 1234 1025 1267 Α.

1394 1286 1542 1332 Heia!

268 1356 400 1402 Haec
427 1357 626 1417 quidem
652 1369 827 1404 ecastor
849 1361 1024 1407 cotidie
1044 1361 1146 1408 viro
1169 1360 1334 1418 nubit,
1355 1359 1542 1420 nupsit-

526 1450 623 1494 que
661 1433 805 1479 hodie
821 1469 835 1490 ,

263 1504 429 1550 Nubet
456 1520 575 1550 mox
600 1515 763 1551 noctu.
788 1522 1058 1566 numquam
1090 1521 1177 1569 ego
1207 1505 1328 1550 hanc
1346 1505 1541 1552 viduam

515 1576 686 1622 cubare
715 1578 812 1624 sivi.

260 1649 387 1696 Nam
421 1652 458 1696 si
487 1652 603 1697 haec
631 1668 732 1697 non
762 1652 945 1709 nubat,
977 1651 1179 1715 lugubre
1210 1651 1333 1701 fame
1366 1651 1538 1701 familia

512 1734 686 1783 pereat.

607 1816 1199 1851 GYMNASIUM.

260 1885 457 1932 Necesse
479 1899 545 1933 est
560 1922 573 1944 ‚
594 1904 693 1948 quo
714 1900 768 1934 tu
784 1904 863 1933 me
881 1886 1034 1933 modo
1047 1887 1176 1934 veles
1197 1903 1316 1945 esse,
1334 1887 1532 1947 itaesse,

514 1972 675 2009 mater.
776 1961 779 1964 ’

757 2042 788 2074 L
823 2041 852 2074 E
887 2042 922 2074 N
956 2041 1004 2074 A.

257 2107 446 2154 Ecastor
478 2108 608 2154 haud
636 2126 714 2155 me
745 2109 987 2170 poenitet,
1014 2109 1049 2154 si
1065 2143 1079 2166 ,
1110 2119 1166 2155 ut
1197 2108 1336 2164 dicis,
1364 2108 1428 2152 ita
1453 2106 1529 2151 fu—

508 2193 612 2228 tura
640 2200 698 2228 es.

255 2250 378 2297 Nam
405 2254 441 2298 si
462 2256 662 2315 quidem
681 2257 745 2302 ita
766 2257 848 2302 eris
864 2291 878 2313 ‚
903 2268 959 2302 ut
975 2257 1088 2304 volo
1105 2290 1117 2314 ,
1141 2272 1408 2316 numquam
1426 2254 1526 2299 He-

507 2329 603 2372 cala
635 2327 738 2373 fies:

256 2389 548 2458 Semperque
576 2401 710 2446 istam
725 2435 738 2457 ,
765 2418 911 2462 quam
929 2417 1059 2448 nunc
1076 2401 1217 2447 habes
1233 2433 1247 2457 ,
1273 2400 1524 2445 aetatulam

513 2470 774 2530 obtinebis,
