1650 2826
162 199 321 247 mee
463 183 847 265 Ac‘r‘ussr.
902 190 1008 239 sc.
1059 194 1097 239 1.
1340 211 1398 258 33

133 307 302 355 Nescio
319 338 335 363 ‚
364 301 495 350 unde
520 302 635 346 haec
659 298 737 344 hic
767 299 1003 360 spectavit.
1030 301 1132 364 jam
1158 318 1245 366 ego
1271 301 1405 350 hunc

357 375 587 436 decipiam
610 373 761 435 probe
780 392 790 418 x

135 454 260 500 Nam
275 449 410 514 quod
430 458 620 512 egomet
641 446 764 493 solus
780 445 870 492 feci
883 480 897 503 ,
914 461 1003 492 nec
1022 447 1275 519 quisquam
1290 450 1406 496 alius

136 599 197 645 In
215 521 542 650 ωδεῐηζῗυῗεξ,
561 592 612 638 id
629 592 827 654 quidem
847 593 993 641 hodie
1013 609 1281 655 numquam
1298 606 1408 657 pot-

385 668 471 713 erit
498 667 663 712 dicere.

137 742 188 791 si
201 754 256 789 tu
269 741 394 788 Sosia
407 756 452 786 es
461 775 475 797 ,
490 740 696 803 legiones
713 754 865 798 quom
876 738 1154 802 pugnabant
1166 755 1408 797 maxume,

136 814 276 885 Quid
290 815 341 860 in
357 812 658 860 tabernaculo
677 810 852 856 fecisti?
869 811 1020 858 victus
1036 828 1161 868 sum,
1175 812 1210 856 si
1228 812 1408 858 dixeris.

478 923 523 957 M
557 923 587 955 E
625 923 659 955 R
693 923 720 955 c
757 922 792 954 U
827 923 860 955 R
897 923 917 954 1
954 923 989 955 u
1025 923 1062 956 s.

138 1009 292 1059 Cadus
311 1018 406 1061 erat
425 1007 552 1056 vini:
577 1007 690 1052 inde
714 1007 893 1068 inplevi
911 1007 1137 1054 hirneam.

627 1117 650 1151 S
688 1117 720 1150 Ο
758 1116 780 1150 S
813 1117 836 1149 1
870 1117 919 1151 A.
1284 1136 1293 1145 ·

975 1187 1182 1252 Ingrefl'u
1198 1188 1253 1235 ’st
1271 1189 1409 1236 viam.

481 1288 526 1321 M
559 1287 590 1319 Ε
625 1287 658 1320 R
692 1287 719 1319 c
754 1287 790 1319 U
825 1287 858 1320 R
893 1288 915 1319 1
950 1287 986 1319 U
1023 1288 1060 1322 s.

103 1338 115 1367 μ’
147 1359 264 1407 Eam
283 1373 394 1423 ego,
411 1369 467 1405 ut
482 1368 630 1404 matre
646 1356 795 1403 fuerat
806 1369 999 1416 natum,
1013 1359 1113 1405 vini
1129 1359 1272 1406 eduxi
1284 1361 1412 1406 meri.

636 1469 658 1503 s
694 1471 727 1503 ο
763 1470 786 1503 s
822 1471 843 1502 1
878 1467 926 1503 Α.

147 1543 267 1598 Mira
287 1561 420 1608 sunt,
437 1552 524 1597 nisi
544 1552 683 1609 latuit
703 1552 829 1596 intus
850 1551 943 1595 illic
967 1551 1016 1595 in
1039 1552 1142 1597 illac
1164 1552 1336 1599 hirnea.

146 1624 346 1670 Factum
364 1623 419 1668 ’st
437 1623 580 1679 illud,
597 1633 654 1668 ut
676 1638 762 1686 ego
785 1622 879 1667 illic
900 1623 1001 1668 vini
1021 1623 1232 1672 hirneam
1255 1625 1419 1671 ebibe-

397 1711 488 1742 rim
504 1711 634 1759 meri.

494 1797 539 1830 M
573 1797 603 1830 E
640 1797 672 1830 R
707 1797 734 1830 C
770 1796 806 1830 U
840 1797 874 1831 R
905 1796 928 1831 I
961 1797 998 1830 U
1034 1796 1071 1833 S.

149 1871 287 1946 Quid
319 1893 451 1924 nunc
467 1877 489 1922 Ρ
526 1878 714 1925 vincon’
754 1883 1038 1944 argumentis
1055 1916 1070 1941 ,
1106 1893 1154 1929 te
1183 1900 1285 1931 non
1326 1901 1417 1932 esee

400 1949 614 1996 Sosiam?

640 2047 662 2080 s
700 2048 731 2080 o
769 2047 791 2082 s
825 2048 847 2080 1
880 2049 931 2082 A.
984 2022 986 2024 V

150 2114 234 2165 Tu
256 2131 393 2182 negas
417 2118 539 2167 med.
559 2119 688 2165 esse?

490 2236 536 2268 M
571 2235 600 2267 E
636 2235 670 2268 R
705 2236 731 2268 c
767 2235 803 2268 U
837 2236 870 2268 R
905 2235 926 2267 1
961 2233 997 2267 U
1032 2234 1070 2268 s.

406 2308 542 2377 Quid
566 2325 652 2373 ego
675 2310 726 2354 ni
746 2325 943 2374 negem,
964 2311 1050 2371 qui
1070 2323 1259 2376 egomet
1279 2311 1423 2358 siem?

641 2415 664 2449 s
699 2416 732 2449 o
769 2417 791 2450 s
825 2417 847 2450 1
882 2418 929 2450 A.

161 2483 426 2606 Perfflclem
431 2489 545 2554 juro
560 2489 675 2538 med
687 2507 779 2538 esse
794 2508 803 2535 ε
816 2506 976 2554 neque
990 2508 1069 2541 me
1080 2493 1249 2540 falsum
1262 2494 1424 2541 dicere.

265 2574 286 2603 ο
308 2593 318 2603 .
371 2594 380 2604 .
1169 2565 1209 2612 C
