1650 2826
229 197 318 243 392
561 180 1171 229 CAPTEIVEI.
1398 196 1501 229 v.1

412 354 788 414 ACTUS
865 353 1326 417 PRIMUS.

656 481 981 529 SCENA
1046 482 1085 527 I.

587 622 1156 658 ERGASILUS.

229 697 291 822 J
297 775 331 808 U
347 776 383 810 V
399 774 428 807 E
442 774 475 808 N
494 775 524 807 T
541 773 575 806 U
591 772 612 806 s
647 776 829 806 nomen
856 758 1029 805 indidit
1062 738 1216 805 scorto
1247 759 1396 815 mihi,

155 873 166 886 .
233 838 307 884 Eo
342 836 454 897 quia
489 836 734 881 invocatus
763 835 890 879 soleo
920 849 1012 878 esse
1043 833 1091 877 in
1123 833 1358 880 convivio.

233 909 344 956 Scio
377 909 576 955 absurde
605 908 787 954 dictum
811 907 902 952 hoc
927 906 1145 951 derisores
1174 905 1327 952 dicere
1343 940 1359 963 ,

235 981 300 1027 At
334 997 421 1044 ego
456 982 529 1044 ajo
561 992 698 1024 recte.
733 994 846 1023 nam
874 978 923 1022 in
950 978 1170 1023 convivio
1195 978 1282 1023 sibi

235 1054 457 1110 Amator,
488 1055 604 1103 talos
640 1069 792 1113 quom
817 1051 959 1115 jacit,
985 1062 1191 1096 scortum
1222 1050 1424 1096 invocat.

234 1128 379 1174 Estne
408 1127 710 1181 invocatum,
740 1140 799 1169 an
832 1140 932 1169 non
950 1125 971 1168 ἒ)
1003 1134 1069 1168 est
1099 1124 1399 1184 planissume.

239 1200 455 1257 Verum,
486 1201 672 1255 hercle,
695 1215 864 1243 verum
894 1213 979 1242 nos
1001 1196 1183 1270 parasiti
1209 1196 1422 1256 planius;

241 1276 380 1349 Quos
409 1291 679 1334 numquam
710 1273 966 1338 quisquam
987 1287 1148 1335 neque
1169 1281 1333 1328 vocat,
1353 1286 1515 1335 neque

488 1347 702 1392 invocat.

238 1422 388 1490 Quasi
416 1437 572 1467 mures
598 1435 780 1485 semper
809 1419 991 1465 edimus
1022 1418 1230 1464 alienum
1261 1417 1437 1463 cibum.

236 1493 332 1539 Ubi
358 1510 426 1538 res
453 1494 662 1554 prolatae
681 1503 791 1537 sunt
806 1526 820 1549 ‚
848 1508 1000 1552 quom
1024 1507 1106 1536 ‚rus
1129 1490 1344 1536 homines
1368 1499 1512 1546 eunt,

238 1566 394 1613 Simul
426 1569 633 1628 prolatae
661 1583 729 1611 res
759 1577 869 1611 sunt
901 1565 1066 1610 nostris
1093 1564 1328 1610 dentibus,

240 1640 391 1710 Quasi
425 1657 536 1686 curn
564 1642 767 1695 caletur,
796 1639 1013 1685 cochleae
1041 1638 1090 1683 in
1123 1639 1312 1684 occulto
1334 1637 1512 1692 latent,

237 1711 337 1757 Suo
369 1711 456 1755 sibi
486 1727 598 1756 suco
634 1711 803 1756 vivont
822 1744 835 1766 ‚
864 1726 936 1754 ros
969 1709 1004 1753 si
1037 1725 1136 1754 non
1167 1707 1316 1755 cadit:

237 1783 363 1828 Item
395 1783 582 1828 Parasiti
608 1783 746 1827 rebus
769 1781 959 1842 prolatis
982 1782 1131 1826 latent

240 1856 301 1901 In
339 1858 527 1901 occulto
549 1891 562 1912 ‚
587 1856 740 1901 miseri
771 1855 986 1901 victitant
1013 1871 1125 1900 suco
1157 1871 1273 1911 suo,

237 1925 371 1972 Dum
406 1927 503 1972 ruri
539 1939 700 1972 rurant
727 1928 943 1973 homines
960 1962 974 1984 ‚
1001 1944 1122 1988 quos
1153 1927 1386 1991 liguriant.

237 1999 435 2046 Prolatis
467 1999 605 2045 rebus
632 2001 816 2047 Parasiti
846 2001 1048 2047 venatici
1471 2008 1487 2028 ·

238 2070 415 2117 Sumus
436 2091 445 2117 ε
476 2073 671 2132 quando
699 2090 768 2119 res
790 2072 1031 2118 redierunt
1049 2108 1062 2129 ,
1091 2073 1326 2119 molossici

236 2144 552 2205 Odiosicique
583 2157 629 2191 et
658 2147 870 2203 multum
903 2144 1313 2191 incommodistici.

241 2215 304 2263 Et
340 2218 416 2263 hic
448 2218 677 2279 quidem,
709 2220 891 2276 hercle,
926 2220 1014 2264 nisi
1045 2219 1131 2279 qui
1158 2217 1377 2277 colaphos
1405 2230 1515 2275 per-

492 2302 591 2350 peti

238 2358 367 2404 Potis
394 2359 644 2417 Parasitus,
676 2362 921 2426 frangique
954 2362 1076 2407 aulas
1109 2360 1159 2404 in
1190 2367 1363 2417 caput,

238 2430 332 2482 Vel
350 2431 414 2478 ire
434 2443 560 2479 extra
578 2446 767 2493 portam
785 2434 1081 2498 trigeminam
1100 2431 1159 2478 ad
1179 2446 1364 2477 saccum
1382 2430 1504 2476 licet.
