<?xml version="1.0" encoding="UTF-8"?>
<!DOCTYPE html PUBLIC "-//W3C//DTD XHTML 1.0 Transitional//EN"
    "http://www.w3.org/TR/xhtml1/DTD/xhtml1-transitional.dtd">
<html xmlns="http://www.w3.org/1999/xhtml" xml:lang="en" lang="en">
 <head>
  <title>
</title>
<meta http-equiv="Content-Type" content="text/html;charset=utf-8" />
  <meta name='ocr-system' content='tesseract 3.04.00' />
  <meta name='ocr-capabilities' content='ocr_page ocr_carea ocr_par ocr_line ocrx_word'/>
</head>
<body>
  <div class='ocr_page' id='page_1' title='image "./comoediaesuperst01plauuoft_0364.png"; bbox 0 0 1650 2826; ppageno 0'>
   <div class='ocr_carea' id='block_1_1' title="bbox 282 179 1560 251">
    <p class='ocr_par' dir='ltr' id='par_1_1' title="bbox 282 179 1560 251">
     <span class='ocr_line' id='line_1_1' title="bbox 282 179 1560 251; baseline -0.002 -17"><span class='ocrx_word' id='word_1_1' title='bbox 282 203 394 251; x_wconf 75' lang='lat'>310.</span> <span class='ocrx_word' id='word_1_2' title='bbox 602 180 1232 232; x_wconf 84' lang='lat' dir='ltr'>BACCHIDES.</span> <span class='ocrx_word' id='word_1_3' title='bbox 1433 179 1560 244; x_wconf 68' lang='lat' dir='ltr'>v.75</span> 
     </span>
    </p>
   </div>
   <div class='ocr_carea' id='block_1_2' title="bbox 284 302 1447 579">
    <p class='ocr_par' dir='ltr' id='par_1_2' title="bbox 284 302 1447 579">
     <span class='ocr_line' id='line_1_2' title="bbox 645 302 1224 340; baseline -0.005 -2"><span class='ocrx_word' id='word_1_4' title='bbox 645 307 672 338; x_wconf 88' lang='lat' dir='ltr'><strong>c</strong></span> <span class='ocrx_word' id='word_1_5' title='bbox 709 307 742 340; x_wconf 83' lang='lat' dir='ltr'>H</span> <span class='ocrx_word' id='word_1_6' title='bbox 778 307 811 339; x_wconf 82' lang='lat' dir='ltr'>R</span> <span class='ocrx_word' id='word_1_7' title='bbox 850 305 880 337; x_wconf 99' lang='lat' dir='ltr'>Y</span> <span class='ocrx_word' id='word_1_8' title='bbox 921 304 942 337; x_wconf 91' lang='lat' dir='ltr'><strong>s</strong></span> <span class='ocrx_word' id='word_1_9' title='bbox 981 303 1012 335; x_wconf 91' lang='lat' dir='ltr'>A</span> <span class='ocrx_word' id='word_1_10' title='bbox 1051 304 1079 336; x_wconf 88' lang='lat' dir='ltr'>L</span> <span class='ocrx_word' id='word_1_11' title='bbox 1114 303 1148 335; x_wconf 87' lang='lat' dir='ltr'><strong>U</strong></span> <span class='ocrx_word' id='word_1_12' title='bbox 1187 302 1224 336; x_wconf 92' lang='lat' dir='ltr'>s.</span> 
     </span>
     <span class='ocr_line' id='line_1_3' title="bbox 879 375 1317 439; baseline 0.005 -19"><span class='ocrx_word' id='word_1_13' title='bbox 879 375 1128 439; x_wconf 72' lang='lat' dir='ltr'>Megabyzi</span> <span class='ocrx_word' id='word_1_14' title='bbox 1166 376 1317 434; x_wconf 79' lang='lat' dir='ltr'>filiu&#39;s,</span> 
     </span>
     <span class='ocr_line' id='line_1_4' title="bbox 284 445 1447 517; baseline 0.004 -26"><span class='ocrx_word' id='word_1_15' title='bbox 284 446 387 517; x_wconf 70' lang='lat' dir='ltr'>Qui</span> <span class='ocrx_word' id='word_1_16' title='bbox 413 460 543 492; x_wconf 90' lang='lat' dir='ltr'><strong>nunc</strong></span> <span class='ocrx_word' id='word_1_17' title='bbox 567 445 617 490; x_wconf 89' lang='lat' dir='ltr'>in</span> <span class='ocrx_word' id='word_1_18' title='bbox 639 446 825 506; x_wconf 85' lang='lat' dir='ltr'>Epheso</span> <span class='ocrx_word' id='word_1_19' title='bbox 844 447 899 492; x_wconf 85' lang='lat' dir='ltr'>’st</span> <span class='ocrx_word' id='word_1_20' title='bbox 929 448 1135 508; x_wconf 86' lang='lat' dir='ltr'>Ephesiis</span> <span class='ocrx_word' id='word_1_21' title='bbox 1162 449 1447 496; x_wconf 79' lang='lat' dir='ltr'><strong>carissumus·</strong></span> 
     </span>
     <span class='ocr_line' id='line_1_5' title="bbox 636 545 1213 579; baseline 0.002 -1"><span class='ocrx_word' id='word_1_22' title='bbox 636 545 670 578; x_wconf 99' lang='lat' dir='ltr'>N</span> <span class='ocrx_word' id='word_1_23' title='bbox 708 546 726 577; x_wconf 94' lang='lat'>1</span> <span class='ocrx_word' id='word_1_24' title='bbox 765 545 791 577; x_wconf 92' lang='lat' dir='ltr'><strong>c</strong></span> <span class='ocrx_word' id='word_1_25' title='bbox 829 545 862 578; x_wconf 95' lang='lat' dir='ltr'>o</span> <span class='ocrx_word' id='word_1_26' title='bbox 899 546 925 577; x_wconf 87' lang='lat' dir='ltr'>B</span> <span class='ocrx_word' id='word_1_27' title='bbox 964 545 997 577; x_wconf 88' lang='lat' dir='ltr'>U</span> <span class='ocrx_word' id='word_1_28' title='bbox 1035 546 1064 578; x_wconf 84' lang='lat' dir='ltr'>L</span> <span class='ocrx_word' id='word_1_29' title='bbox 1103 545 1136 578; x_wconf 94' lang='lat' dir='ltr'>U</span> <span class='ocrx_word' id='word_1_30' title='bbox 1174 546 1213 579; x_wconf 85' lang='lat' dir='ltr'>s.</span> 
     </span>
    </p>
   </div>
   <div class='ocr_carea' id='block_1_3' title="bbox 283 612 1466 734">
    <p class='ocr_par' dir='ltr' id='par_1_3' title="bbox 283 612 1466 734">
     <span class='ocr_line' id='line_1_6' title="bbox 283 612 1466 670; baseline -0.003 -9"><span class='ocrx_word' id='word_1_31' title='bbox 283 612 385 661; x_wconf 86' lang='lat' dir='ltr'>Nae</span> <span class='ocrx_word' id='word_1_32' title='bbox 402 614 480 658; x_wconf 89' lang='lat' dir='ltr'>ille</span> <span class='ocrx_word' id='word_1_33' title='bbox 497 648 509 670; x_wconf 80' lang='lat'>‚</span> <span class='ocrx_word' id='word_1_34' title='bbox 529 613 684 658; x_wconf 88' lang='lat' dir='ltr'>hercle</span> <span class='ocrx_word' id='word_1_35' title='bbox 698 646 711 670; x_wconf 85' lang='lat'>‚</span> <span class='ocrx_word' id='word_1_36' title='bbox 731 612 849 657; x_wconf 83' lang='lat' dir='ltr'>mihi</span> <span class='ocrx_word' id='word_1_37' title='bbox 868 612 924 657; x_wconf 85' lang='lat' dir='ltr'>sit</span> <span class='ocrx_word' id='word_1_38' title='bbox 946 612 1102 658; x_wconf 88' lang='lat' dir='ltr'>multo</span> <span class='ocrx_word' id='word_1_39' title='bbox 1126 623 1259 658; x_wconf 84' lang='lat' dir='ltr'>tanto</span> <span class='ocrx_word' id='word_1_40' title='bbox 1290 612 1435 658; x_wconf 79' lang='lat' dir='ltr'>carior</span> <span class='ocrx_word' id='word_1_41' title='bbox 1450 645 1466 669; x_wconf 88' lang='lat'><strong>,</strong></span> 
     </span>
     <span class='ocr_line' id='line_1_7' title="bbox 285 685 1310 734; baseline -0.002 -1"><span class='ocrx_word' id='word_1_42' title='bbox 285 686 334 734; x_wconf 82' lang='lat' dir='ltr'>Si</span> <span class='ocrx_word' id='word_1_43' title='bbox 359 703 438 732; x_wconf 86' lang='lat' dir='ltr'>me</span> <span class='ocrx_word' id='word_1_44' title='bbox 472 686 583 731; x_wconf 89' lang='lat' dir='ltr'>illoc</span> <span class='ocrx_word' id='word_1_45' title='bbox 616 701 730 731; x_wconf 83' lang='lat' dir='ltr'>auro</span> <span class='ocrx_word' id='word_1_46' title='bbox 765 695 900 731; x_wconf 87' lang='lat' dir='ltr'>tanto</span> <span class='ocrx_word' id='word_1_47' title='bbox 929 685 1310 731; x_wconf 81' lang='lat' dir='ltr'><strong>circumduxerit.</strong></span> 
     </span>
    </p>
   </div>
   <div class='ocr_carea' id='block_1_4' title="bbox 638 783 1222 819">
    <p class='ocr_par' dir='ltr' id='par_1_4' title="bbox 638 783 1222 819">
     <span class='ocr_line' id='line_1_8' title="bbox 638 783 1222 819; baseline 0.007 -4"><span class='ocrx_word' id='word_1_48' title='bbox 638 783 1222 819; x_wconf 84' lang='lat' dir='ltr'>CHRYSALUS.</span> 
     </span>
    </p>
   </div>
   <div class='ocr_carea' id='block_1_5' title="bbox 285 860 1582 1479">
    <p class='ocr_par' dir='ltr' id='par_1_5' title="bbox 285 860 1582 1479">
     <span class='ocr_line' id='line_1_9' title="bbox 285 860 1431 932; baseline -0.002 -25"><span class='ocrx_word' id='word_1_49' title='bbox 285 862 424 932; x_wconf 74' lang='lat' dir='ltr'>Quin</span> <span class='ocrx_word' id='word_1_50' title='bbox 452 862 547 923; x_wconf 89' lang='lat' dir='ltr'>ipsa</span> <span class='ocrx_word' id='word_1_51' title='bbox 571 861 621 906; x_wconf 89' lang='lat' dir='ltr'>in</span> <span class='ocrx_word' id='word_1_52' title='bbox 644 860 760 907; x_wconf 84' lang='lat' dir='ltr'>aede</span> <span class='ocrx_word' id='word_1_53' title='bbox 781 860 960 906; x_wconf 78' lang='lat' dir='ltr'>Dianae</span> <span class='ocrx_word' id='word_1_54' title='bbox 984 861 1235 907; x_wconf 89' lang='lat' dir='ltr'>conditum</span> <span class='ocrx_word' id='word_1_55' title='bbox 1254 862 1307 908; x_wconf 88' lang='lat' dir='ltr'>’st</span> <span class='ocrx_word' id='word_1_56' title='bbox 1329 881 1338 907; x_wconf 74' lang='grc' dir='ltr'>ε</span> <span class='ocrx_word' id='word_1_57' title='bbox 1365 861 1431 907; x_wconf 85' lang='lat' dir='ltr'>ibi</span> 
     </span>
     <span class='ocr_line' id='line_1_10' title="bbox 286 932 1016 995; baseline 0 -16"><span class='ocrx_word' id='word_1_58' title='bbox 286 932 504 980; x_wconf 87' lang='lat' dir='ltr'>Demum</span> <span class='ocrx_word' id='word_1_59' title='bbox 534 933 793 995; x_wconf 86' lang='lat' dir='ltr'>publicitus</span> <span class='ocrx_word' id='word_1_60' title='bbox 820 945 1016 980; x_wconf 80' lang='lat' dir='ltr'>servant.</span> 
     </span>
     <span class='ocr_line' id='line_1_11' title="bbox 646 1031 1218 1067; baseline -0.002 -1"><span class='ocrx_word' id='word_1_61' title='bbox 646 1034 680 1066; x_wconf 93' lang='lat' dir='ltr'>N</span> <span class='ocrx_word' id='word_1_62' title='bbox 716 1034 736 1067; x_wconf 94' lang='lat'>1</span> <span class='ocrx_word' id='word_1_63' title='bbox 773 1033 798 1065; x_wconf 92' lang='lat' dir='ltr'><strong>c</strong></span> <span class='ocrx_word' id='word_1_64' title='bbox 837 1034 868 1066; x_wconf 89' lang='lat' dir='ltr'>o</span> <span class='ocrx_word' id='word_1_65' title='bbox 906 1033 933 1065; x_wconf 87' lang='grc' dir='ltr'>Β</span> <span class='ocrx_word' id='word_1_66' title='bbox 971 1033 1005 1066; x_wconf 87' lang='lat' dir='ltr'>U</span> <span class='ocrx_word' id='word_1_67' title='bbox 1042 1033 1070 1065; x_wconf 87' lang='lat' dir='ltr'>L</span> <span class='ocrx_word' id='word_1_68' title='bbox 1108 1031 1143 1065; x_wconf 87' lang='lat' dir='ltr'>U</span> <span class='ocrx_word' id='word_1_69' title='bbox 1181 1032 1218 1065; x_wconf 82' lang='lat' dir='ltr'>s.</span> 
     </span>
     <span class='ocr_line' id='line_1_12' title="bbox 1049 1101 1399 1148; baseline -0.009 0"><span class='ocrx_word' id='word_1_70' title='bbox 1049 1101 1276 1148; x_wconf 88' lang='lat' dir='ltr'><strong>Occidisti</strong></span> <span class='ocrx_word' id='word_1_71' title='bbox 1308 1116 1399 1145; x_wconf 88' lang='lat' dir='ltr'>me.</span> 
     </span>
     <span class='ocr_line' id='line_1_13' title="bbox 291 1172 1309 1242; baseline -0.004 -22"><span class='ocrx_word' id='word_1_72' title='bbox 291 1173 455 1220; x_wconf 89' lang='lat' dir='ltr'>Nimio</span> <span class='ocrx_word' id='word_1_73' title='bbox 481 1172 557 1218; x_wconf 88' lang='lat' dir='ltr'>hic</span> <span class='ocrx_word' id='word_1_74' title='bbox 588 1173 810 1242; x_wconf 43' lang='lat' dir='ltr'>privatim</span> <span class='ocrx_word' id='word_1_75' title='bbox 841 1184 1095 1218; x_wconf 82' lang='lat' dir='ltr'>servaretur</span> <span class='ocrx_word' id='word_1_76' title='bbox 1127 1172 1309 1218; x_wconf 85' lang='lat' dir='ltr'>rectius.</span> 
     </span>
     <span class='ocr_line' id='line_1_14' title="bbox 291 1243 1430 1294; baseline -0.004 0"><span class='ocrx_word' id='word_1_77' title='bbox 291 1246 387 1294; x_wconf 89' lang='lat' dir='ltr'>Sed</span> <span class='ocrx_word' id='word_1_78' title='bbox 413 1263 497 1293; x_wconf 90' lang='lat' dir='ltr'>vos</span> <span class='ocrx_word' id='word_1_79' title='bbox 518 1246 650 1291; x_wconf 89' lang='lat' dir='ltr'>nilne</span> <span class='ocrx_word' id='word_1_80' title='bbox 679 1243 894 1291; x_wconf 68' lang='lat' dir='ltr'>attulistis</span> <span class='ocrx_word' id='word_1_81' title='bbox 922 1245 1045 1291; x_wconf 88' lang='lat' dir='ltr'>inde</span> <span class='ocrx_word' id='word_1_82' title='bbox 1065 1245 1165 1291; x_wconf 87' lang='lat' dir='ltr'>auri</span> <span class='ocrx_word' id='word_1_83' title='bbox 1195 1243 1430 1290; x_wconf 87' lang='lat' dir='ltr'>domum?</span> 
     </span>
     <span class='ocr_line' id='line_1_15' title="bbox 645 1344 1234 1379; baseline -0.002 -2"><span class='ocrx_word' id='word_1_84' title='bbox 645 1346 672 1377; x_wconf 89' lang='lat' dir='ltr'><strong>c</strong></span> <span class='ocrx_word' id='word_1_85' title='bbox 710 1346 744 1378; x_wconf 86' lang='lat' dir='ltr'>H</span> <span class='ocrx_word' id='word_1_86' title='bbox 781 1346 814 1379; x_wconf 85' lang='lat' dir='ltr'>R</span> <span class='ocrx_word' id='word_1_87' title='bbox 850 1346 883 1378; x_wconf 94' lang='lat' dir='ltr'>Y</span> <span class='ocrx_word' id='word_1_88' title='bbox 923 1345 943 1378; x_wconf 91' lang='lat' dir='ltr'><strong>s</strong></span> <span class='ocrx_word' id='word_1_89' title='bbox 982 1344 1016 1378; x_wconf 88' lang='lat' dir='ltr'>A</span> <span class='ocrx_word' id='word_1_90' title='bbox 1051 1344 1080 1378; x_wconf 87' lang='lat' dir='ltr'>L</span> <span class='ocrx_word' id='word_1_91' title='bbox 1117 1345 1152 1377; x_wconf 89' lang='lat' dir='ltr'>U</span> <span class='ocrx_word' id='word_1_92' title='bbox 1196 1344 1234 1377; x_wconf 91' lang='lat' dir='ltr'>s.</span> 
     </span>
     <span class='ocr_line' id='line_1_16' title="bbox 289 1415 1582 1479; baseline -0.001 -14"><span class='ocrx_word' id='word_1_93' title='bbox 289 1419 446 1465; x_wconf 90' lang='lat' dir='ltr'>Immo</span> <span class='ocrx_word' id='word_1_94' title='bbox 474 1418 628 1464; x_wconf 89' lang='lat' dir='ltr'>etiam.</span> <span class='ocrx_word' id='word_1_95' title='bbox 658 1434 823 1463; x_wconf 87' lang='lat' dir='ltr'>verum</span> <span class='ocrx_word' id='word_1_96' title='bbox 846 1453 858 1475; x_wconf 84' lang='lat'>,</span> <span class='ocrx_word' id='word_1_97' title='bbox 882 1429 1121 1479; x_wconf 82' lang='lat' dir='ltr'><strong>quantum</strong></span> <span class='ocrx_word' id='word_1_98' title='bbox 1144 1415 1379 1473; x_wconf 81' lang='lat' dir='ltr'>attulerit,</span> <span class='ocrx_word' id='word_1_99' title='bbox 1403 1416 1582 1464; x_wconf 73' lang='lat' dir='ltr'>nescio.</span> 
     </span>
    </p>
   </div>
   <div class='ocr_carea' id='block_1_6' title="bbox 287 1511 1221 1705">
    <p class='ocr_par' dir='ltr' id='par_1_6' title="bbox 287 1511 1221 1705">
     <span class='ocr_line' id='line_1_17' title="bbox 497 1511 1221 1555; baseline -0.003 -8"><span class='ocrx_word' id='word_1_100' title='bbox 497 1553 499 1555; x_wconf 26' lang='grc' dir='ltr'>Ι</span> <span class='ocrx_word' id='word_1_101' title='bbox 642 1511 1221 1550; x_wconf 87' lang='lat' dir='ltr'>NICOBULUS.</span> 
     </span>
     <span class='ocr_line' id='line_1_18' title="bbox 287 1577 655 1644; baseline 0.005 -21"><span class='ocrx_word' id='word_1_102' title='bbox 287 1577 430 1644; x_wconf 68' lang='lat' dir='ltr'>Quid</span> <span class='ocrx_word' id='word_1_103' title='bbox 444 1613 457 1636; x_wconf 88' lang='lat'>,</span> <span class='ocrx_word' id='word_1_104' title='bbox 475 1579 619 1625; x_wconf 90' lang='lat' dir='ltr'>nescis</span> <span class='ocrx_word' id='word_1_105' title='bbox 634 1579 655 1625; x_wconf 83' lang='lat'>?</span> 
     </span>
     <span class='ocr_line' id='line_1_19' title="bbox 647 1669 1221 1705; baseline 0.007 -4"><span class='ocrx_word' id='word_1_106' title='bbox 647 1669 1221 1705; x_wconf 82' lang='lat' dir='ltr'>CHRYSALUS.</span> 
     </span>
    </p>
   </div>
   <div class='ocr_carea' id='block_1_7' title="bbox 293 1736 1577 1873">
    <p class='ocr_par' dir='ltr' id='par_1_7' title="bbox 293 1736 1577 1873">
     <span class='ocr_line' id='line_1_20' title="bbox 634 1736 1577 1804; baseline 0.001 -24"><span class='ocrx_word' id='word_1_107' title='bbox 634 1736 762 1804; x_wconf 77' lang='lat' dir='ltr'>Quia</span> <span class='ocrx_word' id='word_1_108' title='bbox 783 1736 1100 1783; x_wconf 88' lang='lat' dir='ltr'>Mnesilochus</span> <span class='ocrx_word' id='word_1_109' title='bbox 1132 1748 1280 1783; x_wconf 90' lang='lat' dir='ltr'><strong>noctu</strong></span> <span class='ocrx_word' id='word_1_110' title='bbox 1306 1737 1577 1783; x_wconf 85' lang='lat' dir='ltr'><strong>clanculum</strong></span> 
     </span>
     <span class='ocr_line' id='line_1_21' title="bbox 293 1814 1475 1873; baseline 0.002 -13"><span class='ocrx_word' id='word_1_111' title='bbox 293 1814 502 1861; x_wconf 88' lang='lat' dir='ltr'>Devenit</span> <span class='ocrx_word' id='word_1_112' title='bbox 532 1815 593 1860; x_wconf 85' lang='lat' dir='ltr'>ad</span> <span class='ocrx_word' id='word_1_113' title='bbox 617 1816 934 1861; x_wconf 87' lang='lat' dir='ltr'>Theotimum</span> <span class='ocrx_word' id='word_1_114' title='bbox 955 1837 964 1861; x_wconf 76' lang='grc' dir='ltr'>ε</span> <span class='ocrx_word' id='word_1_115' title='bbox 999 1834 1086 1863; x_wconf 89' lang='lat' dir='ltr'>nec</span> <span class='ocrx_word' id='word_1_116' title='bbox 1118 1818 1236 1863; x_wconf 90' lang='lat' dir='ltr'>mihi</span> <span class='ocrx_word' id='word_1_117' title='bbox 1260 1817 1445 1864; x_wconf 85' lang='lat' dir='ltr'>credere</span> <span class='ocrx_word' id='word_1_118' title='bbox 1460 1851 1475 1873; x_wconf 89' lang='lat'>‚</span> 
     </span>
    </p>
   </div>
   <div class='ocr_carea' id='block_1_8' title="bbox 296 1893 1511 1961">
    <p class='ocr_par' dir='ltr' id='par_1_8' title="bbox 296 1893 1511 1961">
     <span class='ocr_line' id='line_1_22' title="bbox 296 1893 1511 1961; baseline 0.001 -22"><span class='ocrx_word' id='word_1_119' title='bbox 296 1893 398 1939; x_wconf 90' lang='lat' dir='ltr'>Nec</span> <span class='ocrx_word' id='word_1_120' title='bbox 422 1894 688 1954; x_wconf 86' lang='lat' dir='ltr'>quoiquam</span> <span class='ocrx_word' id='word_1_121' title='bbox 717 1893 766 1938; x_wconf 90' lang='lat' dir='ltr'>in</span> <span class='ocrx_word' id='word_1_122' title='bbox 793 1895 902 1941; x_wconf 84' lang='lat' dir='ltr'>navi</span> <span class='ocrx_word' id='word_1_123' title='bbox 924 1895 1092 1941; x_wconf 85' lang='lat' dir='ltr'>voluit.</span> <span class='ocrx_word' id='word_1_124' title='bbox 1124 1912 1181 1942; x_wconf 94' lang='lat' dir='ltr'>eo</span> <span class='ocrx_word' id='word_1_125' title='bbox 1211 1913 1298 1961; x_wconf 84' lang='lat' dir='ltr'>ego</span> <span class='ocrx_word' id='word_1_126' title='bbox 1325 1895 1511 1951; x_wconf 88' lang='lat' dir='ltr'>nescio,</span> 
     </span>
    </p>
   </div>
   <div class='ocr_carea' id='block_1_9' title="bbox 293 1978 1575 2096">
    <p class='ocr_par' dir='ltr' id='par_1_9' title="bbox 293 1978 1575 2096">
     <span class='ocr_line' id='line_1_23' title="bbox 293 1978 1575 2048; baseline -0.001 -24"><span class='ocrx_word' id='word_1_127' title='bbox 293 1978 605 2048; x_wconf 65' lang='lat' dir='ltr'><strong>Quantulum</strong></span> <span class='ocrx_word' id='word_1_128' title='bbox 637 1978 846 2023; x_wconf 80' lang='lat' dir='ltr'>attulerit</span> <span class='ocrx_word' id='word_1_129' title='bbox 872 1997 881 2023; x_wconf 79' lang='lat' dir='ltr'><strong><em>z</em></strong></span> <span class='ocrx_word' id='word_1_130' title='bbox 916 1995 1085 2025; x_wconf 83' lang='lat' dir='ltr'>verum</span> <span class='ocrx_word' id='word_1_131' title='bbox 1115 1979 1246 2026; x_wconf 87' lang='lat' dir='ltr'>haud</span> <span class='ocrx_word' id='word_1_132' title='bbox 1278 1978 1575 2042; x_wconf 84' lang='lat' dir='ltr'>permultum</span> 
     </span>
     <span class='ocr_line' id='line_1_24' title="bbox 552 2051 723 2096; baseline 0 0"><span class='ocrx_word' id='word_1_133' title='bbox 552 2051 723 2096; x_wconf 87' lang='lat' dir='ltr'>attulit.</span> 
     </span>
    </p>
   </div>
   <div class='ocr_carea' id='block_1_10' title="bbox 295 2133 1220 2258">
    <p class='ocr_par' dir='ltr' id='par_1_10' title="bbox 295 2133 1220 2258">
     <span class='ocr_line' id='line_1_25' title="bbox 648 2133 1220 2178; baseline -0.002 -1"><span class='ocrx_word' id='word_1_134' title='bbox 648 2146 680 2177; x_wconf 95' lang='lat' dir='ltr'>N</span> <span class='ocrx_word' id='word_1_135' title='bbox 716 2146 736 2177; x_wconf 94' lang='lat'>1</span> <span class='ocrx_word' id='word_1_136' title='bbox 774 2146 801 2178; x_wconf 86' lang='lat' dir='ltr'><strong>c</strong></span> <span class='ocrx_word' id='word_1_137' title='bbox 838 2145 871 2177; x_wconf 91' lang='lat' dir='ltr'>o</span> <span class='ocrx_word' id='word_1_138' title='bbox 906 2133 933 2176; x_wconf 66' lang='lat' dir='ltr'>is</span> <span class='ocrx_word' id='word_1_139' title='bbox 970 2144 1006 2177; x_wconf 89' lang='lat' dir='ltr'>U</span> <span class='ocrx_word' id='word_1_140' title='bbox 1042 2143 1073 2177; x_wconf 85' lang='lat' dir='ltr'>L</span> <span class='ocrx_word' id='word_1_141' title='bbox 1110 2143 1145 2177; x_wconf 94' lang='lat' dir='ltr'>U</span> <span class='ocrx_word' id='word_1_142' title='bbox 1183 2143 1220 2176; x_wconf 90' lang='lat' dir='ltr'>s.</span> 
     </span>
     <span class='ocr_line' id='line_1_26' title="bbox 295 2207 968 2258; baseline 0.007 -5"><span class='ocrx_word' id='word_1_143' title='bbox 295 2207 451 2254; x_wconf 86' lang='lat' dir='ltr'>Etiam</span> <span class='ocrx_word' id='word_1_144' title='bbox 486 2208 743 2256; x_wconf 74' lang='lat' dir='ltr'>dimidium</span> <span class='ocrx_word' id='word_1_145' title='bbox 781 2211 968 2258; x_wconf 80' lang='lat' dir='ltr'>censes?</span> 
     </span>
    </p>
   </div>
   <div class='ocr_carea' id='block_1_11' title="bbox 656 2303 1444 2428">
    <p class='ocr_par' dir='ltr' id='par_1_11' title="bbox 656 2303 1444 2428">
     <span class='ocr_line' id='line_1_27' title="bbox 656 2303 1232 2340; baseline -0.002 -3"><span class='ocrx_word' id='word_1_146' title='bbox 656 2305 682 2337; x_wconf 91' lang='lat' dir='ltr'><strong>c</strong></span> <span class='ocrx_word' id='word_1_147' title='bbox 720 2306 752 2338; x_wconf 83' lang='grc' dir='ltr'><em>Η</em></span> <span class='ocrx_word' id='word_1_148' title='bbox 791 2307 824 2339; x_wconf 84' lang='lat' dir='ltr'>R</span> <span class='ocrx_word' id='word_1_149' title='bbox 860 2307 893 2338; x_wconf 89' lang='lat' dir='ltr'>Y</span> <span class='ocrx_word' id='word_1_150' title='bbox 930 2305 952 2340; x_wconf 86' lang='lat' dir='ltr'>s</span> <span class='ocrx_word' id='word_1_151' title='bbox 988 2306 1022 2339; x_wconf 91' lang='lat' dir='ltr'><strong>A</strong></span> <span class='ocrx_word' id='word_1_152' title='bbox 1059 2306 1088 2338; x_wconf 84' lang='lat' dir='ltr'>L</span> <span class='ocrx_word' id='word_1_153' title='bbox 1124 2305 1159 2338; x_wconf 90' lang='lat' dir='ltr'>U</span> <span class='ocrx_word' id='word_1_154' title='bbox 1196 2303 1232 2336; x_wconf 87' lang='lat' dir='ltr'>s.</span> 
     </span>
     <span class='ocr_line' id='line_1_28' title="bbox 995 2365 1444 2428; baseline -0.013 -11"><span class='ocrx_word' id='word_1_155' title='bbox 995 2372 1108 2417; x_wconf 91' lang='lat' dir='ltr'>Non</span> <span class='ocrx_word' id='word_1_156' title='bbox 1137 2366 1309 2428; x_wconf 88' lang='lat' dir='ltr'>edepol</span> <span class='ocrx_word' id='word_1_157' title='bbox 1336 2365 1444 2412; x_wconf 88' lang='lat' dir='ltr'>scio.</span> 
     </span>
    </p>
   </div>
   <div class='ocr_carea' id='block_1_12' title="bbox 297 2437 848 2501">
    <p class='ocr_par' dir='ltr' id='par_1_12' title="bbox 297 2437 848 2501">
     <span class='ocr_line' id='line_1_29' title="bbox 297 2437 848 2501; baseline 0 -14"><span class='ocrx_word' id='word_1_158' title='bbox 297 2437 478 2487; x_wconf 84' lang='lat' dir='ltr'>Verum</span> <span class='ocrx_word' id='word_1_159' title='bbox 508 2440 638 2486; x_wconf 88' lang='lat' dir='ltr'>haud</span> <span class='ocrx_word' id='word_1_160' title='bbox 664 2442 848 2501; x_wconf 86' lang='lat' dir='ltr'>opinor.</span> 
     </span>
    </p>
   </div>
  </div>
 </body>
</html>
