1650 2826
259 196 353 256 308
552 186 1182 237 BACCHIDES.
1411 203 1534 247 v-42

577 306 1150 343 NICOBULUS.

255 380 496 443 Deceptus
516 396 635 425 sum.
661 377 901 440 Autolyco
929 376 1103 439 hospiti
1119 389 1291 421 aurum
1315 372 1505 420 credidi.

612 473 637 505 C
675 471 710 503 H
745 472 778 504 R
814 472 845 503 Y
883 471 904 504 S
943 470 978 502 A
1012 470 1042 503 L
1078 470 1113 503 U
1152 469 1189 503 S.

255 533 392 603 Quin
412 543 468 578 tu
485 530 610 577 audi.

267 601 286 621 ⁸
612 618 645 650 N
682 617 701 649 1
738 617 766 648 c
804 617 835 648 o
873 616 900 647 Β
938 615 971 647 U
1007 615 1037 647 L
1075 616 1108 652 U
1147 614 1184 647 s.

322 679 481 725 Immo
501 676 749 741 ingenium
770 675 893 721 avidi
911 675 1042 721 haud
1058 691 1310 736 pernoram
1327 676 1535 737 hospitis.

616 778 1198 813 CHRYSALUS.

255 850 516 910 Postquam
538 865 709 894 aurum
734 847 1011 894 abstulimus
1027 881 1040 903 ,
1058 845 1109 892 in
1126 862 1298 893 navem
1316 863 1539 894 conscen-
1595 874 1598 878 ’

511 919 666 964 dimus
686 954 699 976 ,

254 994 476 1040 Domum
503 993 759 1053 cupientes.
789 991 909 1038 forte
935 1003 992 1037 ut
1020 992 1164 1038 assedi
1189 992 1240 1037 in
1265 1003 1416 1058 stega,

254 1064 390 1110 Dum
421 1064 766 1123 circumspecto
782 1098 796 1121 ,
819 1074 963 1123 atque
994 1079 1081 1127 ego
1105 1063 1325 1110 lembum
1355 1067 1538 1128 conspi-

507 1152 600 1182 cor.

608 1222 642 1253 N
678 1221 699 1252 1
735 1220 761 1251 c
800 1220 832 1253 o
869 1221 897 1252 Β
933 1221 968 1252 U
1005 1220 1035 1252 Ι,
1071 1221 1106 1252 U
1145 1219 1183 1253 s.

252 1289 373 1336 Perii
404 1289 573 1334 hercle.
605 1286 792 1332 lembus
819 1286 898 1331 ille
931 1286 1049 1331 mihi
1070 1286 1214 1332 laedit
1238 1288 1372 1333 latus.

601 1389 627 1421 c
664 1387 697 1420 H
733 1389 766 1420 R
801 1388 835 1419 Y
875 1387 896 1419 s
934 1387 968 1419 A
1003 1386 1033 1418 L
1071 1386 1105 1418 U
1143 1387 1182 1419 s.

252 1461 296 1505 Is
321 1470 415 1505 erat
446 1456 711 1503 communis
735 1472 848 1501 cum
878 1455 1063 1516 hospite
1093 1466 1140 1500 et
1170 1455 1500 1517 praedonibus.

609 1559 643 1590 N
681 1558 701 1590 1
738 1557 765 1590 c
802 1558 844 1590 o.
872 1557 899 1589 Β
935 1558 971 1589 U
1006 1558 1037 1590 Ι,
1071 1556 1105 1589 U
1142 1557 1180 1591 s.

254 1617 440 1665 Adeon’
461 1635 539 1664 me
570 1618 707 1663 fuisse
734 1617 939 1681 fungum
954 1651 967 1675 ,
990 1628 1046 1662 ut
1075 1618 1161 1678 qui
1185 1618 1254 1664 illi
1275 1618 1533 1665 crederem!

258 1693 431 1761 Quom
459 1692 578 1737 mihi
607 1694 766 1753 ipsum
795 1707 976 1737 nornen
1002 1692 1099 1754 ejus
1129 1690 1471 1738 Archidemidis

255 1763 489 1811 Clamaret
505 1799 519 1822 ,
551 1764 831 1811 demturum
865 1781 957 1810 esse
975 1799 989 1822 ‚
1013 1765 1050 1810 si
1076 1764 1196 1825 quid
1218 1764 1468 1812 crederem.

602 1863 1180 1899 CHRYSALUS.

251 1937 296 1982 Is
313 1936 502 1983 lembus
521 1948 704 1998 nostrae
725 1937 834 1983 navi
851 1937 1034 1983 insidias
1053 1936 1206 1983 dabat.

254 2009 438 2071 Occepi
468 2026 555 2073 ego
580 2010 823 2056 observare
857 2026 957 2066 eos,
989 2026 1135 2070 quam
1163 2025 1264 2054 rem
1294 2019 1466 2073 gerant.

251 2084 437 2129 Interea
461 2101 486 2129 e
514 2096 659 2145 portu
690 2094 846 2130 nostra
874 2083 1002 2129 navis
1031 2083 1241 2128 solvitur.

251 2153 350 2200 Ubi
378 2166 522 2216 portu
554 2156 754 2202 exiimus
771 2190 784 2213 ,
809 2156 1026 2201 homines
1058 2155 1254 2219 remigio
1284 2154 1447 2214 sequi,

251 2225 423 2285 Neque
448 2235 578 2285 aves‘,
597 2243 758 2289 neque
776 2229 910 2275 venti
926 2229 1074 2274 citius.
1110 2227 1339 2289 quoniam
1356 2227 1525 2285 sentio,

240 2296 390 2364 'Quae
413 2315 480 2343 res
503 2311 766 2362 gereretur,
791 2318 964 2347 navem
985 2301 1226 2360 extemplo
1248 2298 1504 2345 statuimus.

249 2368 498 2436 Quoniam
521 2372 687 2418 vident
711 2391 797 2422 nos
823 2386 938 2423 stare
961 2409 974 2433 ,
1000 2385 1286 2435 occeperunt
1315 2384 1462 2421 ratem

247 2439 463 2497 ‚Turbare
489 2442 539 2487 in
575 2455 733 2503 portu.
