1650 2826
234 168 291 226 53
543 165 1225 216 ‘AMPHITRqu
1378 177 1512 238 v.83

234 275 295 321 Et
337 274 530 321 salutavi
555 308 568 330 ‚
607 284 655 319 et
675 308 689 331 ‚
723 275 1000 324 valuissesne
1040 290 1193 336 usque
1223 277 1241 330 3
1287 274 1518 335 exquisivi

489 347 659 404 simul,

233 423 304 469 Mi
320 422 412 469 vir:
434 432 481 469 et
497 437 696 468 manum
712 421 945 482 prehendi
964 433 1012 468 et
1030 423 1248 469 osculum
1261 421 1400 468 tetuli
1417 419 1520 467 tibi.

724 523 745 556 S
783 524 814 556 Ο
853 524 874 558 S
912 525 932 558 Ι
968 524 1017 558 A·

235 592 360 639 Tun'
385 593 486 640 heri
507 593 637 640 hunc
660 595 948 641 salutavisti?

611 693 1148 728 ALCUMENA.

823 768 883 814 Et
904 779 952 814 te
977 785 1178 830 quoque
1197 770 1338 815 etiam
1351 803 1364 826 ,
1384 767 1522 814 Sosia.

732 863 754 898 s
791 866 821 898 o
861 865 882 898 s
919 865 940 897 1
976 864 1024 896 A.

188 992 190 995 ,
239 936 531 999 Amphitruo
555 972 569 994 ,
610 937 789 998 speravi
840 952 927 1000 ego
972 936 1107 981 istam
1145 935 1234 980 tibi
1269 935 1526 998 parituram

498 1009 677 1054 filium:

238 1081 421 1128 Verum
443 1098 546 1128 non
570 1092 637 1127 est
655 1097 805 1143 puero
825 1079 1025 1148 gravida.

585 1183 620 1216 A
656 1170 699 1215 M
737 1184 765 1215 P
802 1182 835 1215 H
871 1182 892 1214 1
930 1182 961 1214 T
999 1181 1033 1214 R
1071 1181 1106 1213 U
1142 1181 1189 1214 o.

671 1252 683 1259 ·
1029 1238 1167 1322 Quid
1193 1250 1372 1316 igitur?

734 1347 757 1382 S
793 1347 825 1381 Ο
864 1347 885 1380 S
923 1347 943 1380 Ι
978 1347 1026 1380 A.

1338 1394 1530 1440 Insania.

613 1477 648 1512 A
685 1479 714 1512 L
749 1478 778 1510 C
815 1477 850 1509 U
887 1477 929 1511 M
965 1476 994 1509 E
1031 1478 1064 1510 N
1104 1473 1154 1508 A.

247 1550 491 1613 Equidem
512 1565 618 1595 sana
636 1565 742 1595 sum
755 1584 767 1606 ,
795 1559 842 1594 et
865 1549 993 1594 Deos
1022 1561 1196 1608 quaeso
1212 1578 1226 1601 ,
1241 1553 1298 1590 ut
1314 1543 1434 1588 salva
1455 1558 1535 1603 pa·-

503 1623 620 1669 riam
644 1622 815 1675 filiurn.
1245 1620 1261 1624 “

247 1698 432 1747 Verum
454 1709 510 1743 tu
535 1691 768 1761 magnum
791 1698 974 1743 malum
999 1693 1219 1748 habebis,
1232 1691 1270 1747 si
1292 1690 1369 1736 hic
1394 1705 1536 1745 suum

512 1769 721 1814 officium
745 1769 876 1814 facit:

253 1844 335 1890 Ob
359 1843 477 1888 istuc
511 1857 656 1886 omen
673 1875 686 1897 ,
715 1842 951 1887 ominator
966 1875 981 1898 ,
1009 1839 1158 1901 capies
1183 1835 1323 1898 quod
1347 1845 1395 1880 te
1425 1849 1538 1880 con·-

483 1948 487 1950 -
512 1913 662 1958 decet.

739 2005 1032 2040 SOSIA.

254 2082 511 2129 Enimvero
533 2078 775 2144 praegnati
795 2087 985 2140 oportet
1012 2086 1060 2122 et
1084 2074 1268 2120 malum
1290 2082 1338 2118 et
1359 2071 1539 2118 malum

518 2152 617 2197 dari
638 2186 652 2208 ‚

249 2225 350 2283 Ut,
379 2225 517 2286 quod
551 2222 781 2280 obrodat,
809 2220 891 2277 sit,
920 2219 1080 2265 animo
1111 2218 1148 2263 si
1178 2217 1301 2262 male
1336 2229 1427 2260 esse
1459 2226 1539 2256 oc·-

518 2295 705 2358 ceperit.

600 2383 1199 2422 A'MPHITRUO.

263 2461 343 2507 Tu
368 2475 446 2506 me
467 2458 570 2505 heri·
586 2458 661 2505 hic
678 2455 876 2507 vidisti?
