1650 2826
134 171 310 233 faex.
514 183 579 231 M.
646 182 845 231 ACCI
903 178 1242 233 PLAUTI

405 295 522 359 apud
537 295 827 354 Sebcfiianum
847 294 1092 360 Gryphium.
1107 321 1170 333 --
1199 296 1280 343 Est
1303 297 1354 342 in
1369 293 1490 355 Bib1.·

410 359 688 405 Academiae
723 359 943 406 Heidelb.

213 439 334 486 1549
398 423 630 485 Lugduni,
659 438 673 467 1
689 439 728 469 Q.
754 424 816 469 M.
838 426 960 470 Accii
983 425 1135 472 Plauti
1155 425 1399 475 Comoediae
1423 427 1490 476 vi·

397 491 528 551 ginti.
549 489 782 550 Lugduni,
810 489 925 552 apud
936 490 1026 535 Seb.
1050 490 1292 555 Gryphium.

212 570 335 614 1550
400 554 629 602 Basileae,
658 554 698 599 8.
729 569 802 615 ap.
821 554 1122 619 Hervagium.

207 733 436 783 AETAS
471 735 574 794 ΠΙ,
615 749 731 794 1551
751 735 932 794 --1605
963 734 1492 783 CAMERARIANA.·

205 880 369 939 Joach.
395 879 522 925 enim
540 877 900 924 CAMERARIUS
916 911 929 932 ,
955 875 1122 922 fabulis
1138 874 1207 922 VI
1219 875 1319 939 jam
1339 876 1398 923 ab
1416 892 1493 923 an.

411 945 533 1004 1536
566 953 612 988 et
636 942 730 987 aliis
749 940 795 987 V
819 942 1092 1001 iterumque
1104 940 1173 987 VI
1189 941 1248 986 ab
1267 956 1340 986 an.
1370 956 1488 1001 1545
1611 973 1650 1006 0

409 1007 704 1065 emendatius
741 1006 872 1051 editis
893 1042 905 1063 ‚
947 1006 1157 1066 denique
1191 1021 1355 1051 ornnes
1390 1006 1495 1052 istas

403 1073 579 1135 partim
597 1070 853 1134 recognitas
867 1087 982 1116 cum
997 1071 1143 1117 tribus
1171 1070 1362 1131 reliquis
1380 1087 1494 1116 con-

401 1140 588 1203 junctas
612 1152 739 1181 anno
762 1151 778 1179 1
789 1153 813 1194 5
822 1153 846 1194 5
860 1151 876 1179 1
896 1170 910 1192 ,
931 1137 1010 1181 vel
1034 1134 1278 1196 sequenti,
1294 1134 1496 1182 Basileae

409 1204 472 1248 ita
491 1201 639 1247 edidit
654 1235 667 1257 ‚
692 1212 746 1245 ut
765 1217 949 1246 novum
974 1200 1153 1246 dedisse
1177 1200 1403 1246 Plautum
1420 1200 1495 1246 vi-

409 1268 599 1313 deretur
614 1300 626 1323 ,
660 1265 865 1311 Grutero
895 1265 1046 1310 dictus
1069 1264 1248 1325 primus
1268 1267 1496 1330 sospitator

410 1333 577 1378 Plauti.
599 1332 756 1376 Altera
776 1330 872 1392 ejus
888 1330 1031 1375 editio
1050 1329 1181 1375 Basil.
1204 1330 1323 1388 1558
1354 1329 1495 1375 etiam

407 1396 590 1442 auctior
626 1406 692 1441 est
728 1394 995 1458 fragmentis
1017 1411 1043 1439 a
1074 1393 1278 1458 Georgio
1296 1392 1495 1440 Fabricio

412 1461 640 1517 collectis,
676 1460 809 1523 cujus
841 1459 959 1505 curis
978 1458 1079 1522 jam
1105 1469 1214 1504 ante
1243 1458 1294 1502 in
1323 1457 1497 1504 Plauto

411 1525 602 1572 edendo
627 1541 736 1570 usus
754 1535 878 1570 erat:
900 1523 1034 1569 tertia
1052 1539 1166 1569 vero
1176 1522 1250 1580 Jo.
1268 1522 1496 1575 Sambuci.

407 1590 649 1651 MScriptt.
683 1588 837 1634 divitis
855 1622 868 1645 ,
899 1587 1192 1633 Plautiniana
1215 1588 1335 1645 1566
1359 1586 1493 1633 Obss.

413 1656 514 1701 Car.
537 1655 701 1716 Langiz‘
712 1689 726 1702 ‚
753 1652 863 1698 Adr.
883 1652 927 1698 T
923 1653 1071 1698 urnebi
1079 1687 1095 1700 ,
1115 1651 1256 1697 Hadr.
1274 1650 1408 1712 Junii
1422 1653 1497 1698 lo-

411 1719 645 1779 cupletior
677 1729 764 1766 est;
801 1733 946 1776 quarn
981 1717 1189 1761 insecuta
1232 1718 1308 1760 est'
1331 1727 1497 1776 quarta

411 1783 555 1828 Caelii
571 1780 779 1828 Secundi
792 1780 988 1825 Curionis
1005 1780 1122 1837 1568
1137 1779 1404 1837 Basiliensis,
1423 1780 1497 1825 ad-

403 1848 529 1911 jecta
560 1845 776 1905 priorum
814 1844 931 1888 curis
965 1843 1143 1888 habens
1178 1843 1323 1888 Andr.
1346 1845 1497 1890 Aleia-

412 1913 450 1957 ti
475 1911 693 1956 libellum
714 1909 774 1953 de
788 1908 1115 1953 Plautinorum
1141 1908 1404 1954 carminum
1424 1925 1496 1954 ra-

412 1976 544 2022 tione
565 1985 611 2019 et
628 1973 815 2018 lexicon
832 1972 1117 2018 Plautinum.
1137 1972 1404 2019 Camerario
1421 1989 1496 2019 su-

409 2039 627 2103 pervenit
642 2038 782 2083 Dion.
802 2038 1048 2085 Lambinus,
1077 2037 1353 2098 collatisque
1370 2037 1496 2084 libris

411 2105 590 2166 scriptis
610 2115 656 2149 et
673 2102 807 2149 editis
825 2102 935 2148 novi
955 2102 1161 2162 exempli
1178 2115 1226 2147 et
1247 2117 1497 2148 commen-

413 2170 520 2215 tarii
544 2179 707 2214 auctor
725 2166 933 2222 futurUS‚
955 2167 1036 2212 sed
1059 2166 1221 2212 studiis
1250 2168 1346 2230 ejus
1366 2167 1416 2211 in
1433 2165 1497 2211 fa-

414 2234 528 2280 bula
548 2233 668 2278 XIII
698 2231 970 2293 supervenit
999 2247 1123 2277 mors
1138 2265 1152 2287 ,
1177 2247 1393 2292 opusque
1412 2230 1498 2275 ab-

415 2298 701 2343 solvendum
738 2296 926 2356 reliquit
944 2295 1122 2352 jacobo
1139 2295 1314 2343 Heliae,
1336 2294 1496 2341 Graec.

414 2362 512 2408 LL.
532 2361 730 2407 Doctori
759 2361 886 2424 regio
912 2360 1045 2404 Paris.
1081 2359 1310 2428 Quamvis
1335 2369 1496 2407 autern

345 2488 349 2489 ⁷
416 2426 746 2474 desiderentur
758 2426 810 2471 in
826 2441 883 2470 eo
898 2423 1129 2470 secundae
1145 2425 1222 2472 vel
1235 2423 1398 2470 tertiae
1414 2439 1496 2475 cu«,
