1650 2826
221 206 371 244 xxx·
529 196 592 247 M.
659 195 861 244 ACCI
919 197 1254 245 PLAUTI

414 305 609 351 Gruteri
635 305 765 351 senio
794 315 841 351 et
858 306 1090 352 aerumnis
1111 305 1367 353 venerandi
1380 340 1393 364 ,
1411 306 1499 352 Pa-

414 387 521 416 reus
567 369 801 433 supercilii
838 372 979 416 multi
1014 371 1162 417 homo
1203 382 1499 433 superaverat

410 434 531 482 XIV
543 451 707 492 annos,
732 451 845 482 cum
869 453 905 481 a.
929 436 1044 494 1641
1071 437 1333 482 editionem
1343 437 1499 483 Plauti

402 501 502 557 sui,
524 503 654 555 tertia
673 517 778 546 cura
801 501 1055 558 emitteret,
1077 518 1222 562 quam
1242 502 1339 563 ipse
1357 513 1498 548 vocat

409 566 795 614 absolutissimam,
819 565 1204 631 perfectissimam,
1229 567 1499 631 omnibusque

406 631 640 679 :virtutibus
660 632 750 675 suis
765 632 1106 679 ornatissimam,
1134 631 1350 677 addimus
1369 646 1417 677 et
1429 633 1497 678 vi-

409 696 574 741 tiosius
599 695 892 756 exscriptam.
912 694 1044 740 Talia
1066 696 1188 742 bella
1208 713 1383 759 gessere
1407 697 1494 742 cri—

408 760 490 806 tici
509 761 559 806 in
579 776 763 806 summa
783 760 960 820 patriae
986 761 1259 806 calamitate.
1292 762 1492 831 Quanto

405 826 668 871 modestius
701 835 837 870 antea
863 820 964 870 rem
995 825 1150 870 Plauti
1184 838 1380 890 gesserat
1405 827 1494 871 Ca-

404 890 647 946 merarius,
663 905 807 949 quam
828 888 1069 935 duumviri
1086 890 1181 947 isti,
1205 907 1412 951 quorum
1429 893 1493 936 al-

404 966 493 1012 ter,
507 955 752 1010 Gruterus,
768 954 1059 1018 spicilegium
1077 954 1263 1011 fecerat,
1281 956 1411 1002 unde
1430 957 1487 1001 al-

406 1032 474 1064 ter
497 1038 523 1064 a
553 1018 794 1064 Camerario
812 1018 966 1064 Plauti
982 1022 1212 1083 sospitator
1223 1021 1489 1066 Taubman-

401 1100 471 1130 no
509 1083 697 1144 sibique
733 1083 782 1128 in
816 1084 1093 1144 praeloquio
1127 1085 1489 1146 Amphitruonis

405 1150 560 1194 dictus
592 1160 684 1205 est,
721 1149 836 1194 alter
865 1148 1060 1206 Pareus,
1094 1151 1306 1209 quamvis
1336 1151 1488 1197 multa

402 1214 527 1261 bene
559 1214 819 1270 invenerit,
858 1213 1046 1274 stipulas
1071 1214 1277 1277 legendo
1305 1227 1488 1276 praeter

401 1279 609 1325 modum
641 1295 687 1323 se
710 1278 927 1341 jactabat.
962 1278 1190 1324 Gruterus
1213 1281 1358 1343 vulgo
1384 1282 1487 1341 pal-

403 1361 535 1390 mam
557 1342 646 1388 fert
667 1343 716 1387 in
741 1343 926 1388 criticis:
959 1343 1126 1388 Pareus
1148 1345 1306 1390 multo
1324 1346 1484 1391 studio

398 1409 675 1469 sapientiam
705 1407 970 1453 Plautinam
1002 1424 1134 1453 suam
1165 1407 1321 1455 fecisse
1349 1410 1484 1456 vide-

399 1485 478 1519 tur
495 1507 509 1531 ,
536 1468 646 1518 hinc
675 1482 722 1534 et
747 1483 889 1518 notae
916 1472 1013 1536 ejus
1036 1485 1293 1533 perpetuae
1319 1485 1366 1520 et
1391 1474 1483 1520 Le-

398 1539 543 1584 xicon
569 1537 844 1583 Plautinum
865 1550 911 1582 et
936 1538 1097 1582 Electa
1112 1538 1326 1584 Plautina
1351 1539 1482 1585 haud

398 1601 811 1649 contemnendum
825 1618 962 1647 usum
973 1601 1162 1648 habent.
1179 1602 1363 1649 Praeter
1377 1604 1481 1649 hos⁴

397 1685 451 1713 ce
468 1668 589 1712 viros
606 1667 655 1712 in
667 1666 836 1711 Plauto
855 1667 1046 1712 edendo
1061 1668 1224 1712 versati
1241 1680 1349 1714 sunt
1367 1669 1480 1714 Isaa-

397 1748 476 1777 cus
490 1731 716 1776 Pantanus
732 1732 792 1776 ab
807 1724 878 1776 an'.
903 1748 918 1776 1
932 1732 1024 1776 620
1037 1764 1050 1787 ‚
1075 1732 1175 1776 Nic.
1192 1732 1400 1778 Heinsius
1416 1734 1477 1780 ab

391 1812 463 1840 an.
496 1796 614 1855 1635
634 1829 647 1849 ,
681 1794 798 1856 Aug.
834 1795 1088 1853 Baclpnerus
1122 1796 1182 1840 ab
1216 1811 1287 1840 an.
1323 1797 1474 1855 1640;

392 1876 604 1921 quorum
628 1859 854 1903 leviorem
883 1875 1076 1920 operam
1101 1858 1231 1905 facile
1247 1861 1357 1906 vicit
1379 1874 1476 1908 stu-

395 1924 530 1970 dium
564 1923 693 1969 haud
726 1923 894 1968 infelix
928 1924 992 1968 M.
1011 1924 1172 1969 Zuerii
1199 1925 1470 1976 Boxlzornii,

392 1990 477 2052 qui
504 2005 575 2035 an.
614 1988 732 2047 1645
778 1988 1001 2034 Plautum
1031 1988 1183 2035 edidit
1213 2005 1252 2035 c.
1281 2006 1329 2038 n.
1356 2007 1470 2037 varr.

388 2069 608 2101 recusum
634 2056 768 2101 1662.

202 2122 320 2177 1605
400 2120 672 2165 Taubmanni
693 2120 733 2175 1,
754 2129 801 2178 4.·
817 2119 880 2164 M.
892 2120 999 2164 Acci
1011 2118 1164 2166 Plauti
1183 2120 1259 2166 lat.
1279 2119 1466 2166 Comoed-

375 2185 520 2249 sacile
533 2186 746 2249 principis
759 2183 946 2247 fabulae
963 2184 1053 2228 XX
1072 2188 1341 2249 superstites,
1373 2201 1467 2231 cum

385 2267 489 2296 novo
524 2262 566 2294 et
596 2250 808 2294 luculento
835 2248 1144 2295 Commentario
1167 2250 1379 2296 doctorum
1405 2252 1468 2296 vi-

391 2332 559 2362 rorum,
588 2331 713 2377 opera
739 2313 776 2358 F
777 2314 958 2359 riderici
977 2314 1268 2364 Taubmani,
1292 2313 1466 2377 Profes-
1524 2319 1535 2327 “

385 2383 491 2424 soris
510 2380 643 2424 Acad.
658 2381 850 2424 Accessit
865 2379 1005 2424 Index
1026 2379 1277 2443 locupletiss.
1295 2382 1368 2441 qui
1381 2379 1464 2423 Ro-

379 2460 535 2491 manae
553 2456 594 2491 ετ
617 2445 807 2492 eruditae
821 2446 1094 2509 antiquitatis
1114 2443 1286 2508 quidam
1303 2445 1362 2490 sit
1376 2443 1462 2490 vel·-
