1650 2826
252 228 347 275 ,224
568 206 1210 258 AULULARIA.
1444 227 1531 264 χῃρ

249 319 589 382 Tibicinasque
614 318 780 376 hasce,
808 319 939 381 apud
970 319 1153 371 forum;
1183 317 1332 367 edixit
1353 322 1502 381 mihi,

249 398 318 446 Ut
351 395 641 459 dispartirem
676 394 934 441 obsonium
969 394 1046 440 hic
1082 393 1308 440 bifariam.

658 499 1129 536 ANTHRAX.

215 598 220 609 ¹
249 579 333 628 Me
355 579 556 642 quidem
576 613 590 637 ‚
611 578 770 625 hercle
786 613 801 637 ,
827 578 980 625 dicam
1008 580 1164 640 palam
1180 614 1193 635 ‚
1220 592 1320 624 non
1345 576 1538 627 divides„

246 653 302 701 Si
333 670 434 715 quo
467 665 523 700 tu
552 662 716 699 totum
746 669 827 698 me
855 652 921 697 ire
951 651 1046 709 vis,
1079 668 1272 712 operam
1301 652 1440 699 dabo.

671 752 1127 788 CONGRIO.

248 830 444 878 Bellum
477 839 525 874 et
558 827 796 890 pudicum
825 843 939 873 vero
973 820 1294 889 prostibulum
1326 834 1474 893 popli.

252 905 367 951 Post
391 903 426 948 si
455 902 562 963 quis
588 903 734 948 vellet
765 912 837 958 te,
868 900 999 946 haud
1028 918 1130 948 non
1156 905 1297 950 velles
1325 905 1507 952 dividi?

614 1005 1182 1041 STROBILUS.

247 1081 403 1144 Atqui
422 1098 509 1147 ego
533 1082 652 1127 istuc
668 1117 681 1138 ,
707 1081 923 1128 Anthrax
937 1116 951 1139 ‚
982 1083 1270 1130 aliovorsum
1299 1081 1507 1130 dixeram
1525 1119 1537 1139 .,

252 1156 368 1203 Non
393 1156 513 1202 istuc
542 1155 680 1217 quod
701 1166 755 1201 tu
779 1156 1032 1201 insimulas,
1060 1156 1142 1201 sed
1169 1157 1308 1203 herus
1330 1158 1518 1220 nuptias

251 1230 389 1276 Meus
417 1230 563 1276 hodie
585 1229 736 1276 faciet.

670 1327 699 1360 c
736 1327 768 1360 o
805 1325 839 1359 N
877 1324 908 1358 G
944 1327 978 1359 R
1013 1325 1034 1357 1
1066 1325 1120 1358 ο.

762 1399 952 1468 Quojus
979 1397 1112 1443 ducit
1133 1395 1314 1443 filiam?

610 1499 632 1533 S
671 1500 702 1532 Τ
739 1502 771 1533 Β
809 1501 840 1533 o
879 1500 906 1533 Β
943 1500 963 1531 1
999 1499 1030 1531 Ι.
1067 1499 1103 1532 U
1138 1499 1178 1533 s.

252 1574 411 1620 Vicini
437 1575 577 1638 hujus
609 1573 903 1635 Euclionisse
927 1589 1185 1635 proxume.

252 1647 311 1692 Ei
342 1646 463 1692 adeo
494 1645 664 1692 obsoni
700 1645 811 1691 hinc
848 1646 1104 1693 dimidium
1123 1644 1259 1710 jussit
1286 1643 1412 1704 dari,

257 1719 443 1765 Cocum
477 1719 707 1773 alterum,
736 1717 1004 1778 itidemque
1032 1719 1225 1764 alteram
1248 1717 1504 1765 tibicinam.

669 1815 696 1846 c
733 1815 766 1846 o
804 1815 837 1846 N
876 1814 907 1846 G
943 1815 976 1847 Β
1012 1814 1032 1846 1
1071 1815 1119 1848 o.

253 1887 443 1949 Nempe
471 1887 583 1934 huic
613 1886 869 1932 dimid1um
905 1885 1045 1942 dicis,
1076 1883 1331 1930 dimidium
1358 1874 1516 1930 domi?

620 1985 642 2017 s
679 1984 709 2016 T
746 1984 780 2016 R
817 1961 849 2015 o
887 1982 915 2014 Β
950 1983 973 2015 1
1007 1982 1039 2014 L
1075 1981 1110 2013 U
1147 1981 1184 2015 s.

254 2060 443 2123 Nempe
461 2061 580 2107 sicut
600 2060 726 2107 dicis.

589 2150 593 2153 ¹
681 2159 707 2191 C
745 2159 776 2192 O
814 2159 847 2192 N
885 2158 918 2191 G
953 2160 987 2194 R
1021 2159 1042 2192 I
1077 2159 1126 2193 Ο.

733 2231 903 2300 Quid?
937 2231 1013 2276 hic
1036 2248 1138 2277 non
1158 2239 1343 2292 poterat
1366 2227 1426 2276 de
1449 2246 1533 2276 suo

255 2303 412 2351 Senex
440 2309 657 2357 obsonari
680 2312 800 2357 filiae
822 2311 872 2357 in
894 2312 1103 2374 nuptiis?

621 2411 1183 2448 STROBILUS.

257 2479 384 2526 Vah!
