1650 2826
268 199 331 247 ω
580 191 1236 243 AMPHITRUO.
1388 208 1543 249 mna

641 312 1174 361 ALCUMENA.

264 389 430 437 Coena
446 385 658 449 apposita
675 386 754 431 'stz
783 385 1036 431 coenavisti
1052 401 1246 431 mecum
1267 402 1275 428 ε
1303 400 1390 449 ego
1410 400 1546 431 accu-

519 458 606 505 bui
632 457 786 502 simul.

592 569 1184 606 AMPHITRUO.

264 661 324 710 In
347 654 707 706 eodemlecto?

645 754 680 787 A
718 753 748 785 L
783 752 810 783 c
846 749 883 783 U
918 751 962 784 M
997 750 1027 783 E
1058 748 1092 784 N
1129 745 1178 784 Α.’

592 840 652 885 In
671 837 855 885 eodem.

750 946 774 979 s
811 945 843 977 o
882 943 903 976 s
941 943 962 974 1
999 942 1047 975 A.

792 1029 915 1076 Hei!
949 1044 1050 1074 non
1073 1027 1227 1090 placet
1253 1030 1541 1078 convivium.

603 1140 638 1173 A
673 1139 717 1173 M
754 1140 782 1172 P
819 1139 853 1172 H
889 1139 909 1171 1
947 1139 978 1171 T
1013 1140 1047 1172 R
1083 1140 1117 1172 U
1153 1141 1200 1174 o.

262 1229 374 1279 Sine
389 1225 540 1276 modo
555 1235 830 1290 argumenta
845 1224 982 1271 dicat.
1001 1226 1122 1287 quid
1132 1261 1145 1284 ‚
1162 1238 1419 1289 postquam
1430 1245 1544 1274 coe·-

515 1300 732 1346 navimus
750 1298 772 1343 ?

635 1400 1174 1436 ALCUMENA.

263 1490 337 1538 Te
375 1488 628 1535 dormitare
657 1486 791 1532 aibas.
829 1504 991 1534 mensa
1027 1489 1180 1536 ablata
1209 1490 1292 1549 ἐπ,
1323 1492 1542 1540 cubitum

521 1559 633 1605 hinc
662 1559 877 1607 abiimus.

601 1668 637 1702 A
672 1671 716 1704 M
753 1672 782 1705 P
817 1669 852 1703 Η
886 1670 907 1704 1
944 1671 976 1706 T
1009 1673 1044 1707 R
1078 1671 1116 1707 u
1149 1673 1198 1708 0.
1257 1654 1259 1656 ’

263 1748 359 1796 Ubi
379 1759 435 1795 tu
458 1747 663 1794 cubuisti
680 1749 701 1792 ?
1187 1757 1190 1760 ’

623 1845 658 1877 Α
694 1847 724 1878 L
759 1846 785 1878 c
823 1844 858 1878 U
895 1846 938 1879 M
972 1846 1002 1878 E
1039 1848 1071 1880 N
1110 1847 1158 1880 A.

532 1916 591 1963 In
609 1915 781 1961 eodem
798 1916 922 1964 lecto
942 1927 1103 1963 tecum
1118 1935 1214 1966 una
1230 1919 1281 1967 in
1301 1922 1537 1970 cubiculo.

609 2013 1223 2062 AMPHITRuo.'

260 2093 534 2144 Perdidisti!

741 2182 768 2216 s
805 2183 838 2216 o
875 2182 1039 2217 SIA.

387 2264 390 2267 “
454 2260 590 2329 Quid
609 2259 697 2307 tibi
713 2260 799 2306 ’sti>

595 2367 631 2400 A
666 2367 708 2399 M
746 2367 774 2399 P
811 2366 844 2399 Η
879 2366 901 2398 1
937 2365 975 2398 T*
1003 2367 1036 2398 R
1073 2365 1109 2398 U
1144 2365 1192 2399 o.

655 2444 786 2491 Haec
807 2460 886 2491 me
906 2444 1055 2491 modo
1077 2445 1140 2491 ad
1160 2456 1366 2492 mortem
1389 2447 1535 2496 dedit.
