1650 2826
279 187 334 243 78
565 182 1228 235 AMPHITRUO.
1432 208 1560 254 v.54

643 304 677 339 A
711 306 741 339 1.
777 306 804 338 c
842 305 877 338 U
916 307 958 340 M
995 308 1024 341 E
1061 309 1094 344 N
1131 307 1180 343 A.

273 375 375 424 Ah!
407 376 639 439 propitius
670 377 727 423 sit
759 379 940 439 potius.

665 476 688 519 J
725 477 760 510 U
795 477 824 510 P
859 479 888 512 P
924 480 945 513 1
982 480 1013 513 Τ
1048 480 1078 514 Ε
1115 482 1162 515 R.

975 547 1178 596 Confide
1214 549 1344 597 fore:

270 617 396 664 Nam
413 616 750 681 jusjurandum
772 634 943 666 verum
973 632 1021 667 te
1051 622 1308 672 advorsum
1337 624 1462 672 dedi.

265 691 375 753 Jam
404 706 537 738 nunc
567 690 680 736 irata
710 707 812 737 non
839 693 920 737 es?

652 788 689 821 A
723 787 754 821 L
789 787 816 820 C
855 786 890 819 U
926 787 969 820 M
1005 788 1034 821 Ε
1070 789 1104 822 Ν
1143 790 1192 824 A'.

942 857 1054 906 Non
1083 876 1203 906 sum.

651 955 677 998 J
714 954 749 987 U
784 954 814 988 P
848 955 877 988 P
914 954 934 986 Ι
971 954 1002 986 Τ
1038 956 1067 988 Ε
1106 957 1154 990 R.

1217 1005 1345 1055 Bene
1374 1009 1494 1058 facis,

268 1083 396 1131 Nam
421 1082 472 1128 in
493 1081 752 1127 hominum
778 1090 928 1126 aetate
954 1081 1107 1127 multa
1134 1082 1363 1129 eveniunt
1395 1085 1559 1150 hujus-

390 1158 395 1161 ’
528 1150 664 1196 modi
683 1169 692 1195 ε

271 1228 479 1290 Capiunt
505 1226 803 1286 voluptates:
839 1224 1034 1285 capiunt
1068 1240 1258 1271 rursum
1288 1227 1502 1274 miserias.

266 1301 368 1347 Irae
388 1297 712 1343 interveniunt
724 1331 737 1354 ,
756 1296 967 1343 redeunt
979 1314 1166 1344 rursum
1185 1299 1236 1344 in
1255 1301 1462 1364 gratiam.

266 1372 452 1419 Verum
479 1371 571 1416 irae
596 1370 632 1415 si
661 1386 784 1431 quae
806 1369 927 1416 forte
953 1371 1182 1417 eveniunt
1212 1373 1492 1436 hujusmodi

268 1448 399 1492 Inter
427 1462 505 1491 eos
520 1479 532 1502 ,
563 1461 750 1491 rursum
774 1446 810 1491 si
833 1457 1087 1492 reventum
1111 1447 1162 1492 in
1192 1448 1387 1511 gratiam
1405 1450 1458 1494 ’st
1474 1483 1490 1505 ,

267 1519 343 1566 Bis
367 1529 502 1564 tanto
534 1517 671 1563 amici
692 1529 803 1564 sunt
827 1519 948 1564 inter
976 1535 1022 1564 se
1038 1553 1051 1576 ,
1073 1535 1222 1580 quam
1254 1520 1395 1581 prius.

649 1613 1190 1648 ALCUMENA.

266 1689 482 1736 Primum
511 1688 679 1733 cavisse
706 1688 922 1749 oportuit
947 1703 1009 1732 ne
1039 1687 1241 1746 diceres,

266 1760 449 1807 Verum
483 1759 649 1804 eadem
684 1760 720 1804 si
752 1760 902 1805 isdem
937 1776 1105 1823 purgas
1125 1794 1139 1817 ,
1180 1762 1299 1807 mihi
1326 1761 1555 1823 patiunda

517 1843 640 1877 sunt.

656 1930 1158 1970 JUPPITER.

261 2005 386 2065 Jube
413 2020 526 2050 vero
555 2019 659 2049 vasa
685 2018 805 2062 pura
832 2002 1047 2047 adornari
1071 2002 1220 2058 mihi,

266 2079 330 2124 Ut
345 2114 358 2135 ‚
385 2094 507 2138 quae
532 2075 663 2137 apud
683 2075 922 2139 legionem
950 2087 1063 2131 vota
1086 2076 1229 2132 vovi,
1249 2075 1285 2120 si
1310 2074 1515 2125 domum

264 2150 506 2197 Redissem
536 2150 712 2205 salvos,
743 2165 796 2193 ea
826 2164 913 2212 ego
944 2150 1184 2195 exsolvam
1211 2143 1382 2194 bmnia.

645 2249 679 2281 A
715 2249 745 2281 Ι,
781 2250 808 2283 c
840 2247 879 2281 U
918 2249 960 2282 M
996 2250 1025 2283 E
1063 2251 1097 2284 N
1134 2250 1182 2283 A.

266 2310 368 2374 Ego
403 2310 522 2356 istuc
554 2310 744 2356 curabo.

655 2405 679 2448 J
716 2405 752 2438 U
788 2406 818 2439 P
857 2405 885 2438 P
921 2405 941 2438 1
980 2406 1011 2439 T
1046 2407 1076 2440 Ἐ
1111 2409 1158 2444 R.

772 2466 978 2513 Evocate
1000 2467 1097 2515 huc
1113 2466 1320 2519 Sosiam;
