1650 2826
275 191 362 238 168
642 187 1179 235 ASINARIA.
1419 206 1546 240 snm

269 297 394 343 Nam
417 296 538 357 quid
557 310 636 342 me
659 295 887 342 facturam
914 306 1051 357 putas
1067 329 1081 353 ‚
1110 295 1148 340 si
1169 295 1290 341 istuc
1315 296 1452 357 quod
1477 297 1550 342 di·-

523 370 583 416 cis
597 404 610 426 ,
640 368 752 415 faxis
774 370 794 415 ?

270 444 392 491 Mihi
411 445 682 501 certum’st,
698 445 876 490 efficere
895 443 945 489 in
963 459 1042 490 me
1060 443 1222 490 omnia
1243 442 1408 489 eadem
1424 457 1551 504 quae

522 528 578 564 tu
601 517 651 564 in
671 529 718 563 te
741 517 867 563 faxis.

595 612 630 645 A
665 613 698 645 R
735 611 766 644 G
803 612 836 644 Y
873 613 907 645 R
941 612 962 644 1
998 612 1025 644 P
1061 611 1090 644 P
1127 612 1163 644 U
1199 610 1236 643 s.

270 682 342 729 O!
370 682 512 727 melle
531 681 660 727 dulci
677 680 860 726 dulcior
876 679 996 725 mihi
1012 674 1068 725 tii
1087 694 1147 725 es.

617 774 1196 811 PHILENIUM.

994 843 1131 890 Certe
1155 842 1285 889 enim
1307 852 1363 888 tu
1384 840 1483 888 vita
1504 855 1551 886 es

271 907 408 955 Mihi.
441 911 751 972 conplectere.

596 1002 631 1034 A
667 1003 699 1035 R
737 1000 769 1032 G
804 1001 838 1033 Y
874 1002 907 1034 R
942 1001 963 1033 1
1000 1001 1025 1033 P
1063 1001 1090 1033 P
1129 999 1162 1032 U
1201 999 1238 1032 s.

686 1068 824 1114 Facio
846 1068 1029 1114 lubens.

620 1163 650 1197 P
687 1163 721 1196 H
756 1163 776 1195 1
814 1163 844 1196 Ι.
881 1163 910 1195 Ε
948 1164 979 1197 N
1015 1162 1037 1197 Ι
1074 1162 1109 1195 U
1145 1163 1201 1197 M.

964 1230 1159 1276 Utinam
1183 1229 1245 1275 sic
1276 1224 1545 1275 efferamur!

686 1323 719 1357 Ι,
753 1325 783 1358 Ε
821 1325 852 1359 o
879 1327 922 1359 'N
957 1327 978 1359 1
1016 1328 1052 1360 D
1088 1326 1137 1361 A.

269 1396 318 1442 O
335 1396 518 1443 Libane
532 1430 547 1455 ,
566 1407 623 1444 ut
643 1399 781 1446 miser
800 1411 866 1449 est
884 1402 1032 1447 homo
1053 1400 1140 1462 qui
1159 1400 1305 1447 amat!

687 1504 1127 1540 LIBANUS.

1043 1578 1203 1625 Immo
1225 1577 1379 1625 hercle
1401 1590 1512 1623 vero
1530 1604 1547 1628 ‚

265 1643 368 1714 Qui
391 1644 572 1707 pendet
585 1681 598 1704 ,
615 1649 776 1695 multo
793 1660 860 1695 est
880 1650 1102 1697 miserior.

678 1746 1128 1783 LEONIDA.

899 1821 1007 1867 Scio
1019 1857 1034 1879 ,
1057 1822 1143 1883 qui
1158 1823 1425 1884 periculum
1441 1821 1545 1868 feci.

266 1887 667 1954 Circumsistamus
683 1910 692 1936 ι
714 1892 828 1939 alter
843 1893 974 1951 hinc,
985 1895 1095 1940 hinc
1113 1896 1227 1944 alter
1238 1896 1541 1957 appellemus.

313 2014 316 2016 μ
684 1988 715 2020 1.
751 1989 771 2020 1
808 1989 836 2021 B
873 1990 907 2022 A
943 1991 976 2023 N
1017 1990 1051 2022 U
1088 1990 1126 2024 s.

263 2053 392 2103 Here
407 2090 421 2114 ‚
455 2057 591 2103 salve.
639 2060 725 2105 sed
764 2075 886 2106 num
915 2061 1081 2108 fumus
1121 2073 1189 2109 est
1223 2064 1338 2110 haec
1375 2062 1545 2110 mulier

524 2147 673 2192 quam
696 2136 1000 2197 amplexam?

582 2232 1226 2275 ARGYRIPPUS.

265 2285 554 2354 Quidum?
1024 2308 1031 2317 ·

679 2368 1115 2405 LIBANUS.

406 2440 540 2509 Quia
554 2446 680 2489 oculi
698 2457 808 2492 sunt
823 2447 913 2492 tibi
930 2448 1237 2492 lacrumantes
1254 2481 1267 2502 ,
1290 2463 1346 2493 eo
1366 2450 1538 2512 rogavi.
