1650 2826
153 240 304 287 v2293
436 215 724 266 ACTUS
777 211 815 260 1.
868 212 972 261 SC.
1027 213 1065 259 1.
1324 225 1382 273 35

126 332 240 379 Non
264 346 353 394 ego
369 327 437 374 illi
452 326 727 386 obtempero
755 321 892 384 quod
917 320 1158 381 loquitur;
1184 316 1385 380 pultabo

373 399 493 446 foris.

471 497 514 530 M
548 496 578 528 Ε
613 495 646 528 R
681 493 708 526 c
745 491 780 525 U
815 492 848 526 R
882 491 904 525 1
939 491 975 525 U
1010 491 1048 526 s.

115 577 351 649 'Quoagis
367 575 449 622 te?

625 674 648 708 s
684 675 716 708 o
754 673 777 708 s
812 674 834 707 1
867 675 917 709 A.

349 748 579 796 Domum.

473 849 1049 888 MERCURIUS.

525 924 782 1001 Quadrigas
799 930 835 974 si
853 937 983 975 nunc
1001 927 1237 977 inscendas
1247 932 1401 992 jovis,

55 1044 62 1048 x
139 1006 297 1068 Atque
317 1007 428 1053 hinc
452 1003 597 1067 fugias
611 1037 625 1059 ‚
651 1003 715 1047 ita
730 1002 812 1047 vix
830 1003 1003 1063 poteris
1027 1003 1229 1068 effugere
1256 1005 1402 1069 infor?

386 1085 589 1122 tumum.

623 1176 915 1211 soslA.

145 1256 317 1305 Nonne
352 1258 489 1304 herae
524 1272 655 1302 meae
687 1256 904 1302 nuntiase
937 1255 1074 1316 quod
1104 1256 1243 1302 herus
1272 1272 1408 1308 meus

390 1331 549 1395 jussit,
567 1329 720 1374 licet?

498 1435 1070 1472 MERCURIUS.

150 1516 312 1575 Tuae,
340 1516 376 1563 si
398 1517 518 1578 quid
537 1519 604 1563 vis
624 1518 868 1563 nuntiare:
903 1517 1024 1561 hanc
1054 1526 1261 1561 nostram
1287 1514 1413 1562 adire

405 1604 506 1632 non
530 1603 688 1631 smam.

156 1657 281 1704 Nam
311 1660 348 1704 si
377 1675 454 1703 me
483 1658 680 1703 irritassis
696 1692 710 1716 ,
741 1657 885 1704 hodie
914 1657 1269 1723 lumbifragium
1303 1660 1416 1707 hinc

401 1731 590 1777 auferes.

639 1828 662 1865 S
698 1827 730 1865 Ο
766 1826 790 1864 S
823 1826 845 1864 1
878 1827 926 1865 A.

160 1910 294 1962 Abeo
330 1915 488 1976 potius
512 1934 522 1959 ε
558 1914 639 1960 Dii
670 1916 961 1972 inmortales,
994 1915 1187 1962 obsecro
1215 1926 1421 1963 vostram

410 1985 580 2030 fidem!
842 2008 848 2013 ·

164 2050 260 2102 Ubi
278 2072 364 2119 ego
384 2057 531 2116 perii?
561 2056 645 2102 ubi
674 2057 931 2103 inmutatus
955 2058 1088 2103 sum'?
1110 2057 1197 2102 ubi
1219 2066 1305 2120 ego
1329 2056 1423 2103 f01⁴

414 2146 541 2174 mam
560 2130 743 2190 perdidi
756 2132 779 2176 Ξ)

167 2198 245 2247 An
268 2212 454 2263 egomet
474 2217 550 2245 me
573 2201 665 2246 illic
685 2202 853 2262 reliqui
870 2236 885 2259 ,
908 2203 943 2247 si
964 2203 1084 2248 forte
1106 2203 1311 2249 oblitus?

91 2266 94 2269 ¹
168 2274 292 2320 Nam
306 2274 388 2319 hic
411 2274 606 2334 quidem
624 2291 816 2320 omnem
836 2276 1086 2340 imaginem
1106 2287 1282 2335 meam,
1304 2292 1427 2338 quae

420 2346 613 2392 antehac
634 2346 807 2403 fuerat,
835 2348 1050 2408 possidet.

173 2415 296 2464 Vivo
318 2419 397 2477 fit,
426 2418 561 2479 quod
584 2433 851 2482 numquam
875 2420 1128 2487 ⁴quisquam
1149 2432 1342 2468 mortuo
1364 2419 1430 2467 fa·-

398 2498 408 2505 '
422 2492 512 2538 ciet
531 2492 660 2537 mihi.

1155 2559 1195 2612 C
1213 2572 1243 2618 ἢ
