1650 2826
95 204 217 248 ηρ
395 185 706 234 ACTUS
755 187 793 232 1.
842 167 1038 234 scj1.
1278 205 1368 250 557

96 293 358 354 Multisque
386 293 592 350 damno,
612 303 659 339 et
684 293 803 338 mihi
821 295 954 340 lucro
975 294 1073 340 sine
1097 311 1207 342 meo
1233 313 1367 359 saepe

355 369 438 413 eris
461 377 635 413 sumtu.

450 464 1044 502 GYMNASIUM.

97 523 374 571 Diifaxint.

607 611 859 645 LENA.

354 677 464 725 Sine
489 695 630 741 opera
662 691 745 726 tua
770 680 891 725 nihil
909 680 990 726 Dii
1013 682 1196 728 horunc
1224 683 1370 730 facere

1066 769 1277 817 possunt.

424 836 459 869 G
493 837 526 869 Y
564 837 607 869 M
640 837 674 869 N
707 837 742 870 A
779 838 801 872 S
839 838 859 870 1
896 838 931 871 U
966 838 1023 871 M.

96 903 366 967 Equidem,
396 902 551 950 heicle
569 939 584 961 ‚
619 904 792 950 addam
824 922 1017 967 operam
1054 907 1232 953 sedulo.
1273 910 1354 955 sed

351 976 471 1037 quid
493 987 548 1022 tu
565 977 685 1022 inter
709 978 845 1023 istaec
867 978 1010 1024 verba
1025 1012 1039 1035 ‚

95 1048 230 1095 Meus
259 1050 423 1096 oculus
437 1083 451 1105 ‚
472 1046 579 1095 mea
601 1048 864 1094 Silenium?
898 1050 1019 1111 quid
1043 1051 1160 1097 cedo
1175 1086 1188 1109 ‚
1213 1062 1260 1098 te
1280 1054 1368 1099 ob·-

355 1128 510 1177 s'ecro,
539 1132 637 1165 tam
662 1121 880 1167 abhorret

97 1193 403 1246 Hilaritudo?
436 1209 706 1253 numquam
738 1209 826 1256 ego
848 1194 948 1240 vidi
969 1193 1054 1240 ted
1082 1213 1174 1242 esse
1195 1197 1368 1244 tristio-

350 1281 451 1310 rem
476 1285 486 1310 :

94 1337 267 1397 Neque
287 1337 468 1383 munda
485 1337 696 1398 adaeque
718 1353 763 1382 es
774 1370 790 1395 ,
809 1348 865 1383 ut
890 1341 1019 1384 soles.
1044 1338 1136 1385 hoc
1158 1341 1212 1385 sis
1230 1340 1363 1388 vide:

346 1420 404 1454 ut
425 1409 596 1469 petivit

96 1477 360 1540 Suspirium
372 1481 487 1525 alte!
506 1490 554 1524 et
571 1479 744 1540 pallida
771 1496 828 1524 eS.
856 1482 1079 1541 eloquere
1104 1493 1366 1544 utrumque

345 1551 482 1596 nobis
498 1585 513 1608 ,

95 1624 156 1670 Et
181 1624 300 1685 quid
320 1624 408 1669 tibi
437 1635 534 1681 est,
564 1635 611 1670 et
643 1624 762 1685 quid
778 1624 891 1670 velis
917 1639 1123 1671 nostram
1148 1641 1338 1687 operam
1354 1660 1368 1683 ‚

353 1707 409 1741 ut
433 1712 519 1759 nos
545 1697 751 1742 sciamus.

95 1767 234 1826 Noli,
256 1768 448 1814 obsecro
465 1803 479 1825 ‚
503 1769 716 1815 lacrumis
742 1769 833 1815 tuis
857 1769 977 1815 mihi
1000 1771 1259 1817 exercitum
1283 1771 1369 1816 im-

344 1858 503 1902 perare
519 1876 534 1899 ‚

98 1904 217 1967 Mea.

485 1982 506 2015 s
545 1982 565 2014 1
600 1982 630 2014 L
667 1982 697 2014 E
732 1983 766 2015 N
802 1983 822 2014 1
858 1984 894 2016 U
929 1984 986 2017 M.

236 2047 491 2093 Excrucior
504 2082 517 2104 ‚
534 2064 639 2093 mea
657 2048 969 2110 Gymnasium
982 2085 995 2107 ‚
1014 2052 1135 2096 male
1150 2049 1268 2096 mihi
1284 2063 1371 2110 est,

854 2124 976 2168 male
1005 2140 1211 2169 maceror
1227 2159 1241 2181 ,

102 2193 260 2241 Doleo
290 2193 349 2238 ab
371 2193 531 2239 animo
548 2228 562 2251 ,
590 2194 730 2242 doleo
752 2196 813 2242 ab
842 2199 1016 2256 oculis,
1044 2197 1183 2244 doleo
1209 2199 1269 2245 ab
1294 2216 1371 2246 ae-

349 2267 598 2330 gritudine.

102 2338 239 2406 Quid
261 2324 445 2385 dicam?
474 2340 560 2386 nisi
585 2344 779 2391 stultitia
801 2360 907 2391 mea
931 2362 1018 2392 me·
1037 2346 1088 2392 in
1110 2362 1367 2393 maerorem

349 2428 459 2473 rapi„
