1650 2826
230 220 324 278 566
490 216 1246 265 CISTELLARIA.
1377 238 1501 280 v.15

227 322 451 369 Decumo
473 332 580 383 post
598 338 759 367 mense
788 333 951 367 exacto
976 323 1051 368 hic
1076 325 1261 386 peperit
1284 312 1442 371 filiam.

229 397 478 466 Quoniam
509 414 644 442 reum
678 398 774 460 ejus
802 395 910 442 facti
935 396 1080 442 nescit
1105 398 1189 458 qui
1216 399 1300 444 siet
1319 434 1332 456 ,

226 476 483 521 Paternum
512 489 697 518 servom
724 472 804 517 sui¹
820 472 1066 533 participat
1094 474 1286 531 consili,

228 547 327 594 Dat
358 564 460 593 earn
483 547 693 607 puellam
722 545 765 590 ei
791 562 923 591 servo
951 546 1288 606 exponendam
1317 547 1377 593 ad
1403 563 1488 593 ne-

488 636 604 665 cem.

228 697 276 743 Is
306 712 409 742 eam
436 694 648 757 projecit.
676 694 790 739 haec
812 694 1023 755 puellam
1051 694 1251 740 sustulit.

230 771 320 817 Ille
350 773 470 817 clam
501 771 764 816 observavit
794 783 946 817 servos
966 806 980 828 ,

228 845 349 913 Quo
378 856 459 889 aut
487 861 600 905 quas
635 845 686 889 in
717 844 840 889 aedis
870 845 983 889 haec
1018 845 1228 904 puellam
1255 843 1443 890 deferat.

228 918 297 964 Ut
335 935 520 980 eampse
552 919 854 965 vos-audistis
886 920 1176 977 confiterier‚

229 994 328 1041 Dat
358 1011 461 1039 eam
493 995 702 1054 puellam
735 994 967 1038 meretrici
995 993 1281 1052 Melaenidi,

227 1067 399 1127 anue
425 1065 643 1110 educavit
670 1082 772 1110 eam
800 1066 888 1110 sibi
917 1082 1004 1126 pro
1030 1065 1135 1112 filia·

230 1136 362 1183 Bene
388 1153 439 1182 ac
463 1135 652 1197 pudice.
681 1147 787 1181 tum
819 1137 912 1181 illic
935 1148 1096 1182 autem
1125 1135 1351 1182 Lemnius

230 1208 560 1270 Propinquam
587 1225 790 1253 uxorem
815 1208 953 1253 duxit
969 1243 982 1267 ,
1008 1219 1256 1272 cognatam
1280 1226 1424 1254 suam.

229 1280 300 1327 Ea
332 1280 459 1325 diem
485 1297 626 1326 suum
659 1280 808 1336 obiit,
836 1279 957 1325 facta
984 1281 1213 1344 morigera
1241 1292 1307 1326 est
1331 1281 1447 1327 viro.

230 1358 493 1418 Postquam
526 1358 604 1402 ille
636 1356 775 1401 uxori
797 1357 923 1419 justa
952 1355 1062 1402 fecit
1080 1391 1093 1413 ,
1128 1356 1254 1403 illico

226 1431 343 1478 Huc
370 1430 703 1494 conmigravit3
733 1428 872 1473 duxit
898 1445 1099 1474 uxorem
1124 1428 1201 1475 hic
1226 1429 1313 1475 sibi

229 1507 465 1554 Eamdem
483 1542 495 1564 ‚
520 1524 665 1568 quam
689 1505 804 1551 olim
822 1505 1054 1568 virginem
1080 1506 1156 1552 hic
1175 1503 1513 1568 cOnpresserat,

227 1579 293 1628 Et
325 1597 428 1625 eam
459 1579 700 1643 cognoscit
729 1594 844 1634 esse,
880 1594 1027 1638 quarn
1053 1591 1389 1641 conpresserat:

229 1654 318 1700 Illa
342 1655 408 1700 illi
437 1655 551 1701 dicit
566 1689 579 1712 ,
606 1656 702 1718 ejus
724 1670 771 1699 se
800 1669 860 1698 ex
882 1653 1051 1716 injuria

231 1727 468 1788 Peperisse
497 1738 715 1790 gnatam,
744 1737 887 1786 atque
916 1742 1019 1771 eam
1051 1742 1098 1771 se
1127 1738 1259 1773 servo
1285 1726 1412 1772 illico

229 1799 430 1847 Dedisse
462 1799 810 1862 exponendam.
840 1799 918 1844 ille
944 1801 1188 1861 extemplo
1213 1800 1451 1846 servolum

224 1871 375 1930 Jubet
405 1873 543 1918 illum
577 1872 803 1918 eumdem
837 1872 1081 1933 persequi,
1106 1872 1142 1917 si
1174 1888 1270 1933 qua
1301 1881 1447 1932 queat

228 1946 452 2008 Reperire
469 1980 481 2003 ‚
511 1963 632 2006 quae
664 1946 911 1991 sustulerit.
949 1946 992 1991 ei
1012 1946 1079 1992 rei
1104 1962 1235 1992 nunc
1262 1956 1395 1992 suam
1483 1964 1501 1983 ο

227 2018 443 2078 Operam
470 2034 622 2078 usque
651 2017 833 2064 assiduo
867 2034 1020 2064 servos
1055 2018 1135 2064 dat
1154 2054 1168 2076 ‚
1194 2018 1230 2063 si
1260 2018 1434 2080 possiet

228 2092 530 2139 Meretricem
555 2092 683 2137 illam
709 2092 944 2149 invenire,
971 2110 1117 2154 quam
1143 2094 1259 2140 olim
1279 2097 1446 2141 tollere
1463 2129 1480 2152 ,

227 2167 401 2235 Quom
430 2167 529 2228 ipse
562 2168 861 2229 exponebat,
897 2184 956 2213 ex
984 2168 1158 2214 insidiis
1185 2168 1403 2214 viderat.¹
1431 2179 1435 2182 ’

227 2239 373 2286 Nunc
390 2277 403 2298 ‚
426 2242 562 2302 quod
585 2244 823 2304 reliquom
847 2253 1009 2300 restat,
1031 2245 1144 2289 volo
1161 2243 1445 2304 persolvere:

228 2315 295 2362 Ut
323 2329 623 2382 expungatur
655 2335 836 2364 nomen
850 2332 879 2375 ‚⁹
892 2334 954 2364 ne
988 2318 1108 2378 quid
1138 2312 1349 2364 debeam.
1378 2329 1383 2335 ·

227 2390 514 2436 Adulescens
549 2393 625 2438 hic
659 2405 726 2438 est
758 2393 981 2454 Sicyoni:
1018 2392 1062 2436 ei
1090 2390 1208 2436 vivit
1234 2400 1379 2451 pater.

226 2463 270 2509 Is
297 2480 455 2511 amore
482 2466 804 2528 projecticiam
837 2466 965 2512 illam
991 2462 1203 2525 deperit,

1134 2539 1149 2555 .
