1650 2826
118 198 164 231 v,
203 195 260 241 ‘23
364 132 651 224 AC‘iUS
703 172 803 220 lv.
857 170 966 220 SC.
1012 172 1131 219 ΙΙΙ.
1305 190 1396 236 333

471 286 1040 326 PARASITUS.

122 362 240 410 Vale
256 396 270 419 ‚
289 360 696 424 dentifrangibule.

418 449 1112 488 PISTOCLBRUS.

653 522 715 568 Et
740 532 794 567 tu
812 555 826 578 ‚
846 521 1260 584 integumentum,
1281 526 1399 588 vage.

127 604 187 650 In
218 619 330 650 eum
365 618 499 649 nunc
531 603 646 650 haec
670 601 855 649 revenit
884 618 953 647 res
980 603 1174 662 locum,
1197 615 1253 650 ut
1280 603 1403 666 quid

377 676 540 724 consili

126 749 256 796 Dem
281 766 392 796 meo
419 749 566 796 sodali
592 764 731 810 super
752 748 930 805 amica,
950 749 1182 808 nesciam,

127 818 232 890 Qui
264 821 403 866 iratus
431 820 748 867 renumeravit
774 836 919 865 omne
945 837 1116 868 aurum
1145 823 1293 883 patri,

127 892 302 954 Neque
330 909 558 939 nummus
586 893 692 938 ullu
715 893 770 938 ’st
785 926 799 949 ,
819 892 905 953 qui
926 892 1151 939 reddatur
1179 895 1336 942 militi.

130 961 225 1009 Sed
240 964 335 1009 huc
358 963 629 1009 concedam.
656 979 769 1009 nam
791 975 1175 1024 concrepuerunt
1193 964 1326 1010 fores.

127 1033 449 1080 Mnesilochus
477 1049 645 1080 eccum
663 1044 865 1087 maestus
888 1035 1189 1097 progreditur
1214 1035 1346 1087 foras.

463 1150 499 1195 S
546 1148 585 1194 C
627 1149 671 1195 E
711 1147 765 1195 N
800 1150 840 1194 A
922 1150 1079 1199 111.

172 1260 748 1301 MNESILOGHUS,
799 1259 1356 1311 Prsroczzssztvs.

418 1366 1123 1402 MNESILOCHUS.

136 1421 266 1535 PE
279 1497 358 1531 TU
371 1497 444 1531 LA
459 1498 491 1531 N
508 1497 530 1530 s
548 1518 562 1541 ,
585 1495 809 1545 protervo
826 1518 840 1541 ‚
867 1484 1095 1531 iracundo
1122 1485 1282 1533 animo
1299 1521 1313 1544 ,
1339 1487 1411 1534 in·

388 1558 575 1603 domito
590 1592 602 1614 ,
633 1557 888 1621 incogitato
907 1592 923 1615 ,

144 1632 254 1680 Sine
283 1630 432 1677 modo
463 1641 511 1676 et
533 1628 763 1675 modestia
783 1630 915 1687 sum}
939 1630 1037 1676 sine
1066 1630 1198 1678 bono
1214 1633 1322 1696 jure
1342 1644 1411 1680 at·

394 1719 491 1763 que
513 1703 695 1748 honore
709 1737 724 1759 ,

142 1775 431 1824 Incredibilis
450 1809 463 1831 ,
481 1775 715 1835 inposque
732 1775 905 1833 animi,
924 1776 1185 1823 inamabilis
1201 1813 1215 1835 ,
1236 1778 1408 1840 inlepi-

393 1845 480 1891 dus
507 1847 617 1892 vivo
638 1881 652 1902 ,

143 1919 460 1967 Malevolente
477 1917 666 1980 ingenio
686 1928 834 1962 natus.
852 1929 1095 1978 postremo
1116 1918 1168 1963 id
1183 1918 1300 1964 mihi
1321 1929 1414 1976 est,

395 1990 531 2051 quod
559 1991 675 2034 nolo

143 2066 246 2131 Ego
277 2082 369 2111 esse
398 2064 506 2109 aliis.
539 2063 760 2109 credibile
786 2063 881 2108 hoc
907 2065 1010 2109 est?
1040 2064 1244 2125 nequior
1267 2081 1414 2111 nemo

397 2147 493 2192 est,
515 2152 675 2196 neque
696 2135 934 2198 indignior
948 2171 962 2192 ‚

149 2209 285 2278 Quoi
310 2207 391 2253 Dii
427 2169 747 2262 benefaciant,
783 2223 944 2267 neque
983 2223 1131 2267 quem
1161 2209 1414 2270 quisquam

398 2281 546 2325 homo
564 2291 645 2325 aut
664 2291 816 2337 amet,
834 2292 918 2326 aut
933 2281 1081 2328 adeat.

148 2353 368 2401 Inimicos
406 2370 554 2414 quam
588 2354 760 2398 amicos
798 2354 974 2413 aequiu
1003 2356 1058 2407 'st
1096 2372 1175 2402 me
1211 2355 1382 2402 habere
1401 2375 1411 2402 :

377 2426 545 2483 rmalos
570 2441 717 2488 quam
745 2424 899 2474 bonos
