1650 2826
258 182 347 237 iio
565 186 1224 239 AMPHITRUO.
1409 211 1534 258 1⁸43

254 299 426 347 Sonitu
444 312 674 343 maxumo
690 316 700 346 ;
721 297 843 342 aedis
861 298 1016 358 primo
1031 315 1165 346 ruere
1182 301 1403 349 rebamur
1419 315 1534 351 tuas.

254 372 406 420 Aedes
428 381 555 418 totae
582 369 923 435 confulgebant
950 383 1060 417 tuae
1076 407 1090 430 ,
1121 375 1254 434 quasi
1286 358 1538 423 essensau-

505 459 621 491 reae.

596 537 1194 574 AMPHITRUO.

249 615 444 686 Quaeso
477 610 709 666 absolvito
748 610 860 655 hinc
902 627 982 656 me
1025 615 1268 676 extemplo
1289 648 1304 673 ,
1341 615 1540 677 quando

433 723 436 726 ,
505 684 608 730 satis
638 683 869 728 deluseris.
900 700 909 711 ‘

249 758 390 830 Quid
417 757 470 804 fit
503 754 709 803 deinde?

701 851 729 883 B
765 852 798 884 R
835 851 867 884 Ο
904 850 948 883 Μ
981 851 1003 884 Ι
1039 851 1088 885 Α.

447 920 584 967 Dum
601 920 716 965 haec
734 931 965 984 aguntur,
989 920 1167 968 interea
1189 937 1390 969 uxorem
1407 934 1541 970 tuam

252 996 426 1080 Neque
465 1005 770 1059 gementem,
815 1009 976 1053 neque
1014 995 1285 1055 plorantem
1324 1009 1541 1044 nostrum

509 1066 765 1127 quisquam
796 1065 1091 1112 audivimus.

251 1143 324 1189 Ita
344 1138 597 1203 profecto
583 1140 682 1185 sine
712 1138 877 1184 dolore
903 1139 1101 1200 peperit.

604 1234 1202 1270 AMPHITRUO.

1045 1296 1155 1354 Jam
1183 1296 1302 1343 istuc
1323 1294 1508 1362 gaudeo
1524 1331 1539 1357 ,

253 1364 319 1411 Ut
348 1373 404 1409 ut
429 1378 534 1427 erga
556 1377 635 1407 me
661 1373 728 1407 est
745 1352 923 1407 merita.

710 1454 1095 1488 BROMIA.

382 1525 523 1571 Mitte
541 1522 712 1568 isthaec
727 1558 740 1580 ‚
756 1533 902 1583 atque
920 1523 1033 1567 haec
1053 1537 1176 1583 quae
1195 1522 1349 1569 dicam
1367 1525 1537 1586 accipe.

253 1600 515 1659 Postquam
541 1596 728 1658 peperit
757 1612 930 1657 pueros
947 1630 960 1652 ‚
987 1596 1141 1641 lavere
1164 1595 1301 1659 jussit
1327 1611 1427 1641 nos.
1460 1614 1540 1643 oc-

507 1686 730 1731 cepimus.

255 1743 349 1790 Sed
378 1759 499 1804 puer
526 1743 604 1787 ille
630 1757 778 1802 quem
805 1757 892 1804 ego
916 1740 1037 1796 lavi,
1065 1748 1121 1783 ut
1146 1753 1343 1801 magnus
1372 1750 1439 1784 est
1455 1774 1467 1795 ,
1492 1751 1547 1785 et

506 1816 723 1860 multum
752 1814 902 1859 valet!

251 1888 425 1950 Neque
460 1905 573 1933 eum
608 1887 863 1947 quisquam
901 1885 1119 1948 coHigare
1155 1884 1312 1945 quivit
1340 1885 1538 1931 incuna-

511 1960 649 2006 bulis.

596 2056 631 2088 A
667 2056 709 2089 M
747 2057 775 2090 P
812 2055 846 2088 H
882 2055 903 2088 Ι
941 2056 971 2087 Τ
1008 2056 1040 2089 R
1078 2053 1113 2086 U
1148 2055 1196 2088 o.

254 2129 412 2174 Nimia
441 2128 558 2173 mira
585 2127 842 2172 memoras!
879 2126 915 2172 si
949 2125 1120 2171 isthaec
1154 2140 1262 2171 vera
1295 2135 1435 2180 sunt,
1467 2122 1535 2168 dl·-

508 2202 685 2247 vinitus

251 2276 366 2322 Non
383 2277 686 2337 metuo*quin
710 2293 844 2322 meae
857 2277 996 2322 uxori
1007 2277 1126 2322 latae
1141 2272 1383 2335 suppetiae
1399 2271 1532 2317 sient.

266 2359 268 2362 ’
699 2365 727 2396 Β
764 2365 797 2396 R
834 2364 865 2396 o
903 2364 944 2395 M
978 2365 1000 2396 1
1035 2363 1082 2395 A.

209 2464 215 2467 -
252 2431 399 2495 Magis
416 2430 517 2494 jam
534 2464 547 2486 ‚
568 2430 701 2487 faxo,
727 2433 844 2477 mira
867 2432 1004 2478 dices.
1030 2441 1289 2492 postquam
1313 2427 1365 2475 in
1391 2443 1532 2476 cunas

507 2503 706 2549 conditu
737 2505 791 2549 'st
805 2537 820 2560 ,

1642 1783 1650 1843 ὲ
