1650 2826
218 195 313 258 296
529 191 1156 245 BACCHIDES.
1364 215 1489 261 *cr-74

525 293 1015 349 ·13Accn1s'
1077 317 1112 350 1.

217 384 424 448 Sequere
458 387 543 432 hac
575 387 716 450 igitur
747 406 826 434 me
858 383 982 436 iutro
1011 392 1062 437 in
1091 393 1270 439 lectum
1288 427 1302 451 ‚
1333 404 1389 440 ut
1423 410 1493 440 se-

470 459 550 505 des
575 460 910 508 lassitudinem.

497 617 546 672 A
614 616 662 673 C
730 616 781 672 T
845 617 901 673 U
968 618 1003 674 S
1084 618 1200 677 'IL

639 750 962 798 SCENA
1025 753 1065 798 Ι.

267 883 1430 927 zYDUS,P15TocLERUS.

692 999 1014 1033 LYDUS.

221 1074 569 1198 JAMDUDUM
584 1174 596 1196 ‚
633 1140 880 1186 Pistoclere
898 1175 911 1197 ‚
948 1141 1113 1187 tacitus
1137 1153 1185 1187 te
1216 1158 1388 1202 sequor
1405 1176 1420 1199 ,

224 1213 472 1275 Spectans,
501 1231 614 1275 quas
645 1225 748 1260 tute
770 1230 838 1259 res
863 1207 955 1259 hoc
986 1226 1150 1260 ornatu
1182 1231 1318 1280 geras.

225 1285 348 1332 Nam
365 1322 378 1344 ‚
403 1289 466 1333 ita
493 1305 571 1334 me
596 1288 677 1333 Dii
705 1299 892 1346 ament,
915 1300 970 1334 ut
993 1289 1235 1354 Lycurgus
1252 1289 1370 1334 mihi
1389 1289 1497 1350 qui-

479 1362 591 1406 dem

231 1433 434 1480 Videtur
466 1452 599 1496 posse
631 1435 707 1481 hic
739 1434 798 1480 ad
830 1435 1092 1495 nequitiam
1121 1435 1356 1483 adducier.

227 1506 344 1574 Quo
375 1522 505 1552 nunc
534 1507 722 1568 capessis
751 1518 822 1564 te,
846 1507 958 1553 hinc
986 1507 1177 1554 advorsa
1201 1507 1304 1565 via,

227 1577 354 1625 Cum
384 1591 511 1626 tanta
538 1596 719 1641 pompa
738 1579 760 1624 Ρ

523 1673 1219 1708 PISTOCLERUS.

704 1742 829 1788 Huc.

715 1827 746 1860 L
783 1828 817 1860 Y
854 1828 888 1860 D
927 1827 962 1859 U
998 1827 1035 1860 S.

793 1894 928 1964 Quid
943 1896 1036 1940 huc
1051 1895 1072 1940 Ξ)
1090 1895 1194 1956 quis
1211 1894 1309 1940 istic
1326 1893 1502 1940 habet?

519 1987 1213 2022 PISTOCLERUS.

225 2051 376 2101 Amor
392 2090 405 2112 ‚
427 2054 659 2117 Voluptas
677 2090 691 2112 ‚
715 2055 878 2101 Venus
895 2090 907 2112 ‚
927 2054 1156 2101 Venustas
1171 2088 1184 2110 ,
1205 2054 1473 2110 Gaudium',

221 2127 365 2184 Jocus
385 2163 399 2184 ,
424 2127 590 2174 Ludus
609 2162 623 2185 ,
654 2127 816 2174 Sermo
834 2163 847 2185 ,
880 2127 1040 2175 Suavis
1057 2128 1326 2174 -suaviatio.
1502 2133 1505 2135 ’

714 2223 743 2254 L
783 2223 814 2254 Y
852 2224 886 2255 D
923 2222 957 2254 U
995 2222 1033 2255 S.

229 2286 364 2354 Quid
394 2288 481 2333 tibi
511 2292 748 2336 conmerci
767 2292 820 2336 ’st
838 2307 949 2336 cum
967 2291 1066 2336 Diis
1097 2287 1499 2335 damnosissumis?

524 2386 1215 2422 PISTOCLERUS.

227 2455 343 2503 Mali
372 2467 483 2503 sunt
504 2458 720 2504 homines
736 2493 749 2515 ,
778 2459 862 2519 qui
889 2457 1025 2503 bonis
1051 2456 1217 2501 dicunt
1244 2455 1378 2500 male.
