1650 2826
86 223 211 267 v.4o
376 203 683 252 ACTUS
740 202 822 248 II.
872 199 980 247 SC.
1032 201 1070 246 1.
1263 211 1354 257 571

470 321 980 356 MELAENIS.

765 400 925 445 Immo
962 409 1111 444 mater
1147 395 1359 457 quidem.

311 490 1148 527 ALCESIMARCHUS.

89 567 221 625 Juno
249 564 342 611 filia
365 575 414 611 et
440 563 664 611 Saturnus
690 575 883 625 patruus
899 598 912 621 ,
939 575 986 609 et
1011 577 1222 608 summus
1244 559 1369 620 Jup-

340 649 490 699 plter:

93 714 172 759 Tu
199 729 280 758 me
306 711 511 757 delenis:
545 722 739 772 propter
766 722 814 756 te
839 711 952 756 haec
980 725 1141 772 pecco.

475 815 519 848 Μ
554 816 584 849 Ε
619 816 649 848 Ι,
686 816 720 848 A
755 815 784 848 E
822 817 855 849 N
893 816 911 848 1
954 816 1005 849 s..

1036 883 1181 946 Perge
1205 879 1369 926 dicere.

308 986 1151 1022 ALCESIMARCHUS.

99 1060 239 1108 Anne
261 1071 316 1108 ut
342 1061 484 1107 etiam
508 1059 629 1119 quid
650 1060 918 1105 consultura
943 1061 997 1105 sis
1020 1061 1131 1106 siam
1146 1061 1168 1106 Ξ)

478 1157 522 1188 Μ
557 1157 587 1188 E
622 1157 653 1189 L
688 1157 723 1188 A
757 1157 787 1188 E
826 1158 859 1190 N
896 1159 917 1190 1
954 1158 991 1191 s.

782 1255 797 1275 ⁸
994 1222 1139 1286 Perge
1170 1225 1367 1284 eloqui,

97 1303 211 1349 Non
241 1302 479 1348 remittam
503 1320 513 1345 :
541 1300 793 1346 definitum
826 1303 891 1346 'st.

316 1400 1160 1434 ALCESIMARCHUS.

626 1467 882 1513 Enimvero
899 1502 911 1524 ‚
935 1468 999 1513 ita
1026 1485 1105 1514 me
1126 1469 1374 1531 Juppster,

103 1540 276 1606 It'ilque
300 1560 379 1589 me
399 1543 530 1601 Juno
555 1552 602 1588 et
623 1540 874 1591 Saturnu83
895 1541 980 1598 ita,
995 1577 1042 1584 -
1063 1543 1183 1604 quid
1204 1544 1375 1600 dicam,

352 1629 523 1659 nesmo.

101 1687 211 1746 Jam
245 1687 339 1733 scio
366 1706 375 1731 z
409 1686 587 1744 immo,
613 1688 974 1750 mulien-audi,
998 1704 1155 1734 meam
1185 1697 1238 1732 ut
1268 1686 1375 1732 scias

355 1760 658 1805 sententiam:

78 1822 190 1879 'Dii
218 1847 298 1877 me
325 1847 488 1877 omnes
517 1834 676 1895 magni
706 1834 980 1893 minutique
1008 1843 1056 1877 et
1085 1831 1311 1892 patellarii

106 1905 306 1960 Faxint‚
331 1920 394 1948 ne
428 1920 515 1967 ego
541 1905 651 1950 dem
679 1906 811 1951 vivos
839 1906 1019 1951 savium
1049 1904 1224 1950 Silenio
1248 1940 1260 1960 ‚

105 1976 207 2022 Nisi
240 1992 327 2039 ego
364 1987 511 2035 teque
545 1988 776 2038 tuamque
806 1978 981 2034 filiam,
1013 1994 1190 2038 meque
1220 1977 1364 2023 hodie

359 2048 714 2095 obtruncavero.
1357 2052 1360 2055 ’

110 2122 277 2166 Postea
294 2130 456 2164 autem
481 2136 591 2166 cum
619 2124 776 2182 primo
797 2123 893 2168 luci
910 2139 1002 2168 cras
1024 2124 1110 2168 nisi
1133 2124 1274 2170 ambo
1299 2139 1379 2169 oc-

353 2191 509 2237 cidero
528 2211 539 2237 z
887 2229 890 2231 .

109 2264 174 2311 Et
198 2257 449 2324 equidem,
472 2264 626 2309 hercle
642 2298 656 2321 ‚
672 2266 760 2311 nisi
775 2267 953 2327 pedatu
980 2267 1119 2313 tertio
1143 2268 1295 2313 omnis
1314 2267 1380 2312 ef·-

360 2335 524 2381 flixero
541 2370 555 2391 ,

113 2407 213 2453 Nisi
225 2419 281 2455 tu
297 2409 426 2455 illam
441 2409 636 2455 remittis
653 2410 712 2455 ad
726 2427 817 2457 me.
839 2411 934 2458 dixi
956 2429 1077 2474 quae
1092 2414 1237 2462 volui.
1263 2415 1376 2461 vale.

19 2733 34 2826 ¹90⁴-qu-
23 2707 35 2719 ,0
24 2662 32 2690 Α,
22 2623 33 2648 -ι,
22 2586 25 2587 =
15 2525 18 2527 '
