1650 2826
246 164 342 224 354
562 157 1196 208 BACCHIDES.
1408 158 1532 219 v.65·

609 279 636 310 C
673 278 706 311 H
743 279 776 311 R
812 279 845 312 Y
883 278 905 311 S
943 278 976 311 A
1011 279 1041 312 L
1079 278 1115 311 U
1152 278 1189 312 S.

250 348 389 421 Quid
412 365 491 397 me
520 348 610 396 tibi
631 348 785 403 adesse
811 366 930 411 opus
951 349 1054 395 est?

598 444 632 477 N
666 444 687 476 1
723 443 749 475 c
790 443 821 475 o
860 444 888 475 Β
925 443 960 475 U
995 443 1025 476 L
1064 442 1099 475 U
1139 442 1176 476 s.

754 514 882 562 Volo
898 551 910 574 ,
932 527 988 562 ut
1011 515 1146 577 quod
1157 508 1344 580 jubebo
1370 517 1503 564 facias
1521 552 1535 575 ,

246 590 313 638 Ut
335 591 443 640 scias
459 625 473 650 ,
494 606 617 653 quae
633 590 711 636 hic
737 589 906 636 scribta
924 590 1058 636 sient.

599 693 627 727 c
665 693 698 726 H
734 694 767 726 n
803 693 837 725 Y
877 692 898 726 s
936 692 970 725 A
1006 693 1035 726 L
1074 692 1109 741 u
1146 693 1185 727 s.

739 760 870 807 Nihil
889 777 1050 807 moror
1064 797 1078 819 ‚
1100 778 1261 824 neque
1276 762 1387 810 scire
1404 765 1530 811 volo.

588 862 622 896 N
658 862 678 895 I
714 862 742 895 C
781 862 813 895 Ο
851 863 879 895 Β
908 862 953 895 'U
988 863 1019 896 L
1055 863 1091 897 U
1129 863 1167 897 S.

246 926 432 973 Tamen
461 926 582 974 ades,

614 1023 640 1055 C
677 1022 711 1055 H
746 1024 780 1057 R
815 1024 847 1056 Y
889 1022 910 1057 S
947 1023 982 1057 A
1018 1024 1049 1057 L
1086 1023 1121 1057 U
1158 1023 1218 1058 80·

441 1089 579 1160 Quid
602 1107 723 1152 opus
757 1092 857 1137 est?

603 1185 637 1218 N
673 1184 693 1216 Ι
730 1185 756 1217 C
794 1184 825 1216 Ο
863 1183 891 1215 Β
930 1183 964 1216 U
999 1184 1028 1218 L
1066 1184 1102 1217 U
1141 1185 1181 1219 S.

607 1252 806 1298 Taceas:
839 1252 976 1314 quod
994 1252 1141 1317 jubeo
1154 1288 1168 1311 ,
1186 1253 1239 1301 id
1254 1253 1401 1306 facias,

534 1332 1182 1386 'CHRYSALUS.
1444 1347 1450 1353 “

1353 1404 1527 1453 Adero.

597 1489 1172 1524 NICOBULus.

238 1556 372 1622 Euge
394 1557 545 1605 literas
565 1559 784 1606 minutas.

584 1659 611 1691 c
648 1659 682 1692 H
718 1659 751 1692 R
788 1637 834 1692 Y*
859 1658 880 1691 s
920 1659 954 1691 A
988 1659 1018 1692 1.
1055 1659 1090 1691 u
1128 1658 1165 1692 s.

810 1729 912 1798 Qui
936 1729 1136 1790 quidem
1155 1728 1314 1775 videat
1334 1745 1521 1790 parurn:

244 1799 451 1859 Verum,
479 1801 563 1862 qui
587 1803 689 1848 satis
712 1802 869 1848 videat
883 1837 895 1859 ‚
921 1802 1115 1866 grandes
1136 1802 1239 1847 satis
1261 1802 1384 1846 gunt.

593 1903 627 1936 N
665 1907 685 1940 1
723 1902 750 1934 c
788 1903 820 1935 o
859 1902 886 1934 Β
924 1902 959 1934 U
995 1902 1024 1935 1.
1062 1901 1097 1934 U
1135 1901 1173 1934 s.

846 1970 1081 2017 Animum
1104 1970 1343 2018 advortito
1368 1971 1521 2034 igitur.

591 2059 618 2091 c
655 2059 689 2092 Η
720 2060 754 2092 R
789 2059 823 2091 Y
860 2059 882 2092 s
920 2059 955 2092 A
989 2059 1020 2091 L
1058 2057 1092 2090 U
1130 2057 1167 2108 s.

239 2126 366 2174 Nolo
385 2163 399 2188 ‚
422 2128 636 2192 inquam.
910 2180 915 2183 μ

594 2225 628 2257 N
665 2225 684 2257 1
720 2223 746 2256 c
785 2223 817 2256 ο
854 2222 882 2254 Β
919 2222 954 2255 U
989 2221 1019 2255 L
1056 2221 1094 2254 U
1129 2221 1167 2255 s.

494 2291 557 2338 At
579 2292 955 2358 volo‚*inquam.
1006 2290 1011 2295 ’

590 2376 616 2408 C
655 2377 688 2409 H
724 2378 756 2410 R
793 2376 826 2407 Y
865 2375 886 2408 S
925 2374 957 2406 A
993 2373 1023 2406 L
1060 2372 1096 2405 U
1131 2372 1172 2406 S.

761 2432 897 2502 Quid
922 2430 1132 2492 opu’st?

331 2342 353 2369 ἢ
