1650 2826
102 175 228 236 v-83
399 128 670 218 ACT-US
716 165 849 214 ΙΙΙ.
900 163 1001 211 SC.
1051 163 1155 214 IV.
1285 181 1380 227 433

575 283 891 320 REGIO.

105 368 256 416 Nihili
282 365 432 423 facio,
449 374 612 410 tamen
634 359 794 406 adibo.

494 465 527 498 Τ
562 465 596 497 Y
630 464 663 497 N
699 464 734 496 D
770 462 803 495 A
839 462 883 497 R,
909 461 945 495 U
979 461 1018 496 8.

684 540 827 586 Nunc
855 557 942 604 ego
975 541 1175 587 omnino
1204 542 1385 596 occidi,

112 614 255 662 Nunc
276 628 364 678 ego
383 614 507 659 inter
523 629 703 659 sacrum
722 628 986 673 saxumque
1004 624 1076 658 sto
1092 632 1105 664 ;
1129 629 1219 659 nec
1231 647 1246 670 ,
1266 613 1388 675 quid

360 685 530 732 faciam
547 720 562 743 ,
590 686 698 731 scio.

595 784 629 817 Η
663 784 694 816 Β
732 781 765 815 G
800 783 821 815 1
858 784 907 817 o.

109 850 190 900 Do
204 853 294 900 tibi
307 869 499 915 operam
510 887 524 909 ,
540 850 899 914 Aristophontes
909 887 925 910 ‚
942 853 980 898 si
1003 852 1125 914 quid
1139 864 1206 900 est
1217 888 1232 912 ,
1253 852 1391 915 qu'od

363 941 444 972 me
472 924 600 971 velis,

320 1023 1167 1061 ARISTOPHONTES.

114 1101 190 1148 Ex
214 1118 295 1148 me
322 1103 507 1148 audibis
538 1118 675 1159 vera,
709 1116 832 1161 quae
862 1116 994 1146 nunc
1029 1100 1139 1146 falsa
1172 1101 1395 1163 opinare,

375 1176 545 1238 Hegio.

117 1246 214 1296 Sed
236 1249 331 1312 hoc
352 1248 564 1309 primum
582 1262 661 1292 me
680 1262 936 1312 expurgare
953 1247 1043 1294 tibi
1058 1247 1172 1294 volo
1184 1281 1201 1305 ‚
1220 1264 1300 1294 me
1319 1247 1396 1294 in·-

370 1334 545 1364 samam

119 1384 294 1451 Neque
319 1400 480 1435 tenere
499 1424 514 1446 ‚
537 1406 698 1451 neque
730 1390 799 1436 mi
827 1406 921 1436 esse
948 1391 1107 1436 ullum
1133 1391 1397 1454 morbum„

379 1461 467 1516 pisi
498 1462 635 1521 quod
660 1462 824 1508 servio.

124 1539 192 1588 At
214 1542 280 1588 ita
299 1558 379 1588 me
394 1558 479 1586 rex
499 1542 716 1589 Deorum
746 1555 893 1605 atque
908 1544 1166 1591 hominum
1181 1543 1298 1590 faxit
1314 1561 1400 1606 pa-

375 1615 489 1660 triae
514 1627 774 1677 conpotem
789 1650 804 1673 ‚

125 1686 224 1733 Ut
212 1687 311 1734 istic
327 1688 610 1735 Philocrates
625 1707 726 1736 non
742 1690 886 1755 magis
904 1699 999 1747 est,
1016 1705 1165 1750 quam
1179 1699 1263 1734 aut
1279 1704 1368 1752 ego
1381 1720 1400 1746 ,

375 1773 457 1808 aut
478 1773 546 1809 tu.

609 1866 647 1899 11
678 1864 710 1897 E
748 1865 781 1900 G
815 1865 838 1897 1
873 1863 922 1896 0.

974 1934 1110 1981 Eho!
1139 1935 1216 1982 dic
1244 1937 1400 1994 mihi5

129 2006 251 2077 Quis
283 2005 427 2071 igitur
452 2002 532 2048 ille
553 2003 641 2049 ’sti’
982 2052 988 2057 ,
1205 2038 1210 2041 .

339 2104 1178 2142 ARISTOPHONTES.

472 2180 639 2249 Quem
661 2179 851 2224 dudum
873 2179 974 2225 dixi
997 2197 1023 2225 a
1049 2179 1281 2242 principio
1300 2181 1417 2228 tibi:

132 2257 241 2303 Hoc
256 2257 294 2302 si
310 2272 440 2302 secus
457 2255 654 2316 reperies
666 2288 679 2310 ‚
697 2255 880 2299 nullam
904 2270 1107 2301 caussam
1128 2255 1235 2302 dico
1250 2290 1264 2313 ,
1283 2257 1405 2316 quin

384 2328 503 2373 mihi

135 2399 195 2446 Et
226 2414 478 2461 paxentum
506 2412 553 2447 et
581 2399 803 2447 libertatis
837 2398 968 2461 apud
991 2410 1040 2445 te
1072 2399 1285 2459 deliquio
1302 2399 1403 2446 siet.

206 2487 292 2533 Vol.
309 2489 347 2532 I.
395 2492 406 2499 '
1118 2488 1196 2534 Ee
