1650 2826
218 232 307 278 186
582 228 1120 281 ASINARIA.
1357 255 1499 288 v.122

212 341 377 410 Quam
409 350 457 385 te
476 374 490 397 ‚
517 341 674 402 palam
700 341 820 388 hanc
848 360 948 390 rem
978 343 1126 391 facere
1146 379 1159 403 ,
1194 361 1256 392 ne
1289 346 1368 393 illa
1398 349 1499 395 exi-

467 423 644 459 Stumet

211 483 398 531 Amoris
423 501 577 532 caussa
602 486 839 547 percitum
868 488 919 533 id
941 488 1099 537 fecisse
1119 502 1196 550 tes,

212 558 359 624 Magis
385 577 534 622 quam
559 578 641 607 sua
671 577 837 608 caussa.

607 649 642 681 D
678 649 698 681 1
735 647 769 681 A
804 649 833 682 B
870 650 902 683 Ο
941 651 971 684 L
1007 651 1043 684 U
1081 650 1119 684 S.

814 707 880 755 At
907 712 994 771 pol
1021 711 1142 772 quin
1167 711 1288 760 dixti
1316 714 1505 761 rectius*

212 779 293 825 Tu
321 796 430 844 ergo
462 779 533 827 fac
568 793 624 828 ut
654 781 722 826 illi
751 781 939 841 turbas,
965 783 1068 829 lites
1097 785 1307 842 conciam,

213 852 341 898 Cum
375 872 460 900 suo
494 854 581 900 sibi
614 866 757 919 gnato
795 870 890 902 una
919 857 980 902 ad
1010 856 1211 903 amicam
1242 857 1302 904 de
1329 857 1406 904 die

214 926 408 985 Potare,
444 927 574 973 illam
609 927 826 988 expilare.

571 1011 1143 1051 PARASITUS.

871 1074 981 1133 Jarn
1001 1107 1014 1132 ,
1054 1091 1116 1121 ne
1151 1092 1230 1121 me
1257 1093 1435 1135 mone,
1475 1069 1484 1075 ’

214 1136 316 1200 Ego
348 1134 468 1183 istuc
500 1137 690 1184 curabo.

602 1227 638 1259 D
677 1227 698 1259 1
736 1225 769 1259 A
806 1227 833 1259 Β
872 1227 904 1259 o
942 1227 972 1260 1.
1009 1227 1044 1260 U
1079 1227 1118 1262 s.

766 1285 831 1333 At
857 1303 943 1352 ego
974 1299 1022 1334 te
1049 1289 1265 1351 opperiar
1289 1289 1437 1336 domi.

508 1420 1022 1478 ACTUS
1123 1423 1198 1481 V.

615 1543 1095 1594 SCENAI.

289 1681 834 1726 ARGYRIPPUS,
883 1686 1445 1727 DEMAENETUS.

564 1795 1213 1831 ARGYRIPPUS.

224 1849 321 1959 A
334 1921 366 1956 G
377 1921 407 1955 Ε
417 1922 452 1955 D
466 1921 501 1955 U
512 1922 555 1954 M
566 1944 578 1967 ‚
611 1909 954 1956 decumbamus
981 1910 1036 1956 sis
1055 1945 1068 1969 ‚
1095 1923 1241 1974 pater.

523 2006 1199 2042 DEMAENETUS.

1215 2059 1279 2107 Ut
1295 2060 1511 2125 jusseris,

224 2127 293 2173 Mi
320 2136 484 2191 gnate,
510 2127 575 2171 ita
599 2125 694 2172 fiet.

533 2213 568 2246 A
605 2212 639 2245 R
679 2211 710 2244 G
747 2212 782 2244 Y
816 2211 850 2244 R
886 2211 905 2243 I
942 2210 971 2243 P
1010 2212 1038 2245 P
1074 2211 1110 2245 U
1147 2211 1185 2246 S.

674 2279 843 2336 Pueri,
874 2295 1087 2326 mensam
1114 2279 1353 2342 apponite.

546 2373 583 2406 D
618 2372 648 2405 E
685 2373 728 2405 M
764 2373 799 2406 A
832 2372 863 2404 E
900 2374 932 2406 N
967 2373 997 2406 E
1035 2373 1065 2405 T
1104 2372 1138 2404 U
1174 2372 1212 2406 S.

224 2431 594 2494 Numquidnam
634 2434 723 2479 tibi
754 2436 1012 2480 molestum
1042 2431 1124 2488 's't‚
1165 2443 1304 2496 gnate
1341 2433 1431 2490 mi,
1473 2434 1513 2480 si

477 2505 591 2551 haec
621 2521 753 2577 nuan
782 2522 975 2552 mecum
1001 2503 1229 2551 accubat?
