1650 2826
231 171 320 204 ‘202

291 282 626 333 ALIUD
704 281 1462 344 ARGU·MENTU·M

589 420 1135 467 CAM‘ERARII.

287 541 511 587 NOMEN
551 539 742 586 Fabulae
775 541 958 586 inditum
994 559 1021 587 a
1049 558 1118 590 re,
1156 559 1264 606 quae
1303 546 1525 606 negotium-¹

226 626 269 659 et
300 616 446 661 variat
462 650 477 661 ,
509 626 551 659 et
576 614 718 660 reddit
742 615 1004 678 copiosiorem
1028 618 1342 680 expositionem.
1362 617 1429 663 Ea
1457 630 1520 664 est

221 688 308 733 olla
322 688 454 751 plena
479 689 601 734 auri,
626 698 795 750 reperta
820 687 872 731 ab
897 685 1099 733 Euclione
1122 690 1165 734 in
1187 686 1304 734 domo
1312 701 1517 754 paterna.

221 758 371 824 Hujus
395 761 507 805 senis
539 761 784 805 avarissimi
816 770 857 804 et
886 761 1135 824 parcissimi
1151 763 1297 824 filiam
1325 766 1370 811 vi
1392 776 1518 810 noctu

221 832 461 879 adolescens
492 831 722 895 Lyconides
761 844 1074 897 compresserat.
1139 829 1292 897 Itaque
1329 838 1518 882 instante

216 919 382 971 partu,
413 922 507 950 cum
520 906 713 969 puellam
744 918 934 953 amaret,
966 917 1008 950 et
1033 908 1241 955 avunculo
1273 908 1521 972 desponsam-

221 997 307 1024 esse
343 981 633 1039 cognovisset,
669 995 761 1024 rem
784 995 946 1024 omnem
976 981 1112 1024 matri
1145 980 1337 1030 indicat,
1370 993 1413 1026 et
1435 999 1518 1046 per

221 1052 332 1097 hanc
366 1054 596 1116 impetrat,
627 1051 704 1096 illa
735 1052 817 1096 sibi
851 1063 900 1098 ut
929 1052 1077 1099 nubat.
1110 1052 1285 1097 Interea
1319 1069 1447 1098 senex
1467 1052 1518 1097 de

221 1126 320 1170 auri
349 1125 540 1169 custodia
573 1124 748 1168 delicias
763 1123 944 1188 facere,
965 1136 1007 1170 et
1036 1124 1149 1173 illud
1176 1136 1317 1174 tamen
1347 1127 1524 1170 amitte*

218 1214 277 1241 re.
310 1197 407 1242 hinc
435 1198 536 1242 illae
567 1197 723 1242 turbae*
739 1198 1039 1260 querelarum„
1064 1207 1108 1241 et
1137 1213 1256 1242 error
1289 1196 1524 1261 confessio-u

218 1273 312 1319 nis,
335 1270 494 1335 factae
522 1272 719 1336 injuriae.
762 1270 954 1317 Tandem
975 1270 1218 1317 adolescens
1237 1272 1288 1317 de
1307 1288 1422 1319 servo
1439 1288 1522 1317 suo.

219 1346 461 1406 cognoscit,
492 1345 596 1407 quid
627 1345 675 1389 de
715 1345 802 1390 olla
833 1347 892 1389 sit
909 1344 1103 1408 factum.
1132 1346 1283 1407 Atque
1308 1345 1518 1391 hactenus*

217 1417 427 1462 Plautina
465 1417 524 1462 ad
539 1434 611 1463 nos
631 1430 932 1482 pervenerunt.
955 1417 1027 1465 Ex
1037 1420 1253 1482 proposito
1281 1429 1424 1463 autem
1444 1435 1527 1463 arn-

213 1503 417 1553 gumento
446 1492 635 1553 intelligi
656 1503 824 1556 potest,
848 1504 938 1536 tum
967 1503 1008 1536 et
1035 1508 1189 1536 aurum
1221 1491 1433 1536 redditum
1449 1508 1522 1535 se«.

217 1568 291 1613 ni,
320 1578 362 1611 et
390 1566 512 1610 illum
546 1567 687 1611 animo
723 1577 938 1611 mutatum
958 1565 1134 1629 fuisse,
1166 1577 1209 1610 et
1236 1565 1428 1610 dotatam
1441 1567 1521 1627 fi--

218 1639 321 1682 liam
354 1638 579 1683 tradidisse
603 1638 819 1702 Lyconidi.
845 1637 970 1683 Haec
999 1637 1215 1683 Codrum
1238 1648 1520 1701 persecutum*

217 1727 302 1755 esse
337 1713 572 1774 accepimus
595 1712 853 1775 expositione
887 1727 967 1755 sua
977 1745 1001 1757 ,.
1021 1721 1063 1754 et
1090 1710 1207 1754 illius
1231 1725 1377 1756 versus
1401 1721 1519 1757 esse:

214 1787 288 1848 qui
315 1785 441 1845 vulgo
462 1784 690 1848 feruntur.
729 1782 890 1828 Noster
929 1781 1095 1846 quidem
1125 1783 1360 1829 Fabricius
1395 1783 1509 1846 indi-⁴

215 1858 331 1903 cavit
365 1857 573 1919 quaedam
602 1855 761 1901 Romae
802 1868 998 1920 reperta,
1031 1857 1180 1918 quibus
1214 1857 1509 1921 supplerentur

215 1929 317 1975 lzaec
348 1929 617 1992 deficientia:
648 1929 725 1974 sed
748 1946 798 1975 ne
828 1930 907 1974 illa
938 1928 1104 1992 quidem
1127 1931 1237 1974 satis
1265 1929 1505 1975 Plautina,

213 2018 342 2064 neque
361 2018 541 2050 caussa,
570 2018 646 2047 cur
665 2002 797 2068 adjici
814 2002 1039 2050 vellemus,
1066 2003 1160 2048 visa
1181 2000 1296 2065 fuit.
1329 2001 1505 2060 Propo-

213 2076 343 2120 nitur
382 2077 526 2137 imago
564 2076 760 2121 sordidae
789 2077 1080 2140 parsimoniae
1107 2087 1150 2121 et
1175 2075 1434 2120 morositatis
1457 2073 1505 2117 in

212 2146 426 2197 Euclione.
454 2148 573 2195 Nam
597 2161 640 2194 et
666 2149 741 2194 hoc
757 2150 911 2196 vitium
934 2150 1063 2195 senile
1090 2161 1164 2194 est.
1182 2146 1280 2222 Quo
1299 2149 1384 2210 ipso
1399 2161 1503 2207 quo-

213 2235 291 2282 que
320 2219 567 2269 indicatur,
599 2238 686 2267 una
718 2237 813 2266 cum
842 2232 983 2266 aetate
1013 2219 1342 2280 intelligentiam
1369 2217 1504 2262 animi

213 2291 364 2334 minui.
383 2290 590 2338 'Perverse
610 2295 720 2338 enim
748 2304 859 2338 certe
864 2296 959 2356 fit,
997 2304 1046 2338 ut
1079 2303 1167 2336 tum
1195 2289 1381 2334 maxime
1406 2299 1501 2333 stu-

216 2362 368 2409 deatur
393 2365 480 2410 rei,
503 2381 597 2411 cum
618 2369 791 2414 minime
817 2366 878 2413 ad
901 2381 1023 2412 usum
1049 2363 1168 2424 longi
1182 2362 1377 2425 temporis
1406 2378 1505 2425 spes

213 2434 479 2497 relinquitur.
