1650 2826
271 175 355 222 ὡς
635 167 1252 226 ΑΒΙΝΑΒΙΑ’
1400 148 1567 248 Ἇπ’

612 295 638 328 C
675 297 704 329 1,
738 295 768 328 Ἐ
806 296 840 329 A
879 297 908 329 E
945 297 978 332 R
1013 299 1042 331 E
1080 299 1111 332 T
1147 298 1196 333 A.

264 354 378 400 Non
403 364 514 401 veto
549 354 632 400 ted
665 373 847 414 amare,
880 358 966 419 qui
1002 358 1117 406 dant
1139 395 1152 417 ‚
1190 375 1286 421 qua
1326 374 1544 409 amentur

515 439 670 492 grana.
792 488 794 496 ἱ

614 515 642 548 Ρ
678 514 712 547 H
746 515 767 547 I
803 515 832 548 L
868 516 897 548 E
935 517 968 549 N
1005 517 1025 548 I
1061 516 1098 548 U
1135 517 1190 549 M.

258 573 402 644 Quid
423 573 459 619 si
481 574 558 620 hic
590 575 774 624 animus
798 587 1034 638 occupatu
1051 577 1126 633 ’st‡‚
1150 588 1321 636 mater,
1340 578 1460 640 quid
1482 579 1546 628 fa-

507 648 667 694 ciam?
688 665 848 694 mone.

622 735 648 766 c
685 735 715 767 1.
749 735 779 766 E
816 734 850 766 A
886 734 915 767 E
954 736 987 769 R
1022 736 1052 769 E
1089 737 1119 770 ’r
1149 717 1205 771 Ἃ.

1389 792 1541 839 Hem!

265 861 436 909 Meum
457 870 599 923 caput
622 861 913 921 contemples
929 895 942 918 ‚
960 861 1199 923 siquidem
1219 879 1279 910 ex
1293 878 1342 910 re
1359 867 1543 912 consul-

522 946 588 981 tas
616 946 710 980 tua.

614 1029 645 1060 -P
683 1028 715 1060 H
751 1028 771 1060 1
808 1029 838 1060 L
873 1029 902 1060 E
940 1030 973 1061 N
1009 1029 1029 1061 1
1067 1029 1100 1060 U
1138 1030 1195 1062 M.

262 1090 419 1139 Etiam
442 1090 589 1151 opilio
609 1125 622 1147 ,
650 1091 735 1151 qui
757 1090 925 1151 pascit,
955 1081 1102 1135 master
1119 1125 1132 1146 ,
1159 1090 1326 1135 alienas
1351 1091 1476 1149 ovis,

244 1163 488 1224 ‘Aliquam
526 1162 670 1208 habet
707 1161 1028 1223 peculiaxem,
1069 1161 1154 1221 qui
1194 1178 1327 1222 spem
1366 1164 1541 1209 soletur

520 1252 665 1280 suam.

254 1307 371 1356 Sine
393 1324 473 1354 me
496 1325 650 1354 amare
676 1324 832 1354 unum
849 1306 1172 1372 Argyrippum
1189 1307 1335 1353 animi
1365 1296 1538 1368 caussssa,

515 1397 664 1440 quem
688 1381 815 1426 volo.

625 1467 650 1498 c
685 1467 716 1499 :L
752 1467 781 1499 E
821 1465 854 1498 Α
889 1466 918 1498 Ε
954 1468 988 1500 R
1021 1466 1049 1498 Ε
1087 1465 1117 1498 Τ
1153 1465 1201 1498 Λ.

259 1525 394 1573 Intro
417 1525 520 1572 abi:
546 1543 658 1572 nam
678 1538 725 1572 te
752 1526 951 1587 quidem
979 1526 1152 1587 edepol
1169 1525 1288 1571 nihil
1305 1537 1372 1572 est
1397 1527 1542 1589 inpu-

513 1599 714 1647 dentius.

604 1697 632 1728 P
670 1697 704 1729 H
739 1696 762 1728 1
797 1696 827 1728 L
863 1695 893 1727 Ε
930 1696 963 1728 N
1000 1695 1019 1726 1
1057 1694 1092 1726 U
1128 1695 1184 1727 Μ..

257 1762 552 1829 Audi-entem
572 1763 727 1819 dicto,
754 1774 931 1818 mater,
958 1761 1223 1822 produxisti
1250 1760 1408 1806 filiam.

655 1891 693 1936 S
728 1889 766 1935 C
791 1889 836 1937 E
864 1890 917 1935 N
943 1891 983 1935 A
1047 1890 1079 1935 Ι
1102 1889 1142 1936 Ι.

371 2030 863 2069 ΖΕΟΝΙΒΑ.
928 2030 1404 2066 LIBAN·US.

677 2128 1127 2163 LEONIDA.

259 2183 352 2294 P
358 2260 613 2293 ERFIDIAE
636 2246 806 2308 laudeS,
822 2246 1081 2310 gratiasque
1107 2245 1334 2290 habemus
1362 2243 1531 2290 merito

508 2336 584 2363 ma
651 2336 695 2363 as
711 2354 724 2375 ,

255 2392 425 2460 Quom
450 2335 648 2435 nostriggn
643 2391 957 2453 sycophantiis
974 2424 987 2446 ‚
1015 2389 1159 2458 dolis,
1183 2387 1458 2447 astutiisque
1471 2420 1493 2443 ,-

256 2463 565 2528 Scapularum
596 2462 1106 2521 confidentiasvirtute
1130 2457 1374 2507 ulmorum
1398 2459 1528 2518 freti,
