1650 2826
123 222 252 283 v.36
438 214 724 266 ACTUS
775 213 1110 262 1.SC.11.
1319 231 1409 275 207

128 323 366 370 Probrum
380 357 395 381 ,
428 324 702 406 propinqua
732 324 977 388 partitudo
1007 324 1127 386 quoi
1153 304 1337 386 appetit
1353 360 1368 383 ,

128 397 275 467 Quen
318 396 626 444 conminisci:
668 415 831 462 neque
867 397 1139 461 quidquam
1168 398 1320 444 meliu
1358 399 1413 444 ’st

132 542 197 589 Ut
225 469 612 605 opinorssilqiiiam
647 556 709 588 ex
739 557 820 588 me
849 554 906 589 ut
935 558 1083 589 unam
1112 541 1279 592 faciam
1309 545 1417 591 lite-

380 631 482 661 ram

131 688 375 754 Longam,
394 703 564 736 meum
586 688 763 749 laqueo
787 689 970 735 collum
996 689 1194 750 quando
1217 689 1419 737 obstrin-

378 777 509 809 xero.

454 918 880 967 'SCENA
946 919 1045 966 ΙΙ.

251 1046 680 1107 Ἐυσιιω
751 1066 1320 1131 STpPHrLA„

582 1133 961 1213 EUCLIJND.

139 1255 355 1370 NUNC
372 1317 612 1364 defaecato
632 1318 831 1364 demum
844 1320 1006 1364 animo
1020 1318 1234 1382 egredior
1247 1318 1420 1378 dome,

142 1395 403 1453 Postquam
425 1391 645 1453 perspexi
672 1393 794 1438 salva
823 1408 915 1437 esse
950 1392 1078 1437 intus
1106 1394 1280 1439 omnia.

144 1465 270 1513 Redi
295 1480 427 1511 nunc
447 1466 548 1529 jam
577 1465 703 1510 intro
717 1498 731 1521 ,
752 1475 897 1525 atque
919 1464 1046 1510 intus
1064 1481 1207 1513 serva.

520 1566 542 1600 s
579 1566 610 1598 Τ
646 1565 680 1597 Α
715 1566 743 1599 1>
780 1566 815 1599 Η
850 1567 885 1599 Y
920 1567 951 1600 1.
988 1566 1037 1601 A.

1186 1626 1424 1695 Quipp'mi

144 1696 247 1759 Ego
270 1695 398 1740 intus
430 1711 639 1743 servem:
662 1714 723 1744 an
755 1715 818 1744 ne
848 1700 954 1760 quis
980 1699 1103 1746 aedis
1129 1700 1306 1746 auferat
1323 1700 1346 1744 Ξ)

147 1767 273 1812 Nam
294 1767 371 1812 hic
393 1769 526 1829 apud
541 1785 628 1815 nos
645 1770 765 1815 nihil
782 1780 850 1816 est
868 1770 999 1816 aliud
1022 1772 1203 1832 quaesti
1219 1772 1424 1820 furibus:

150 1840 223 1884 Ita
248 1839 414 1886 inaniis
438 1853 548 1887 sunt
574 1843 794 1904 oppletae
817 1855 963 1906 atque
995 1846 1182 1893 araneis.

612 1955 985 1990 EUCLIO.

150 2027 331 2073 Mirum
357 2027 479 2087 quin
501 2039 584 2073 tua
602 2044 734 2074 nunc
753 2045 833 2074 me
852 2046 1005 2074 caussa
1031 2029 1167 2076 faciat
1177 2029 1398 2090 Juppiter

149 2101 431 2162 Philippum
460 2109 619 2165 regern
647 2113 730 2149 aut
753 2101 956 2149 Darium
970 2135 985 2158 9
1010 2102 1292 2148 nivenefica.

151 2171 352 2223 Araneas
385 2172 505 2217 mihi
537 2189 625 2236 ego
654 2173 750 2218 illas
779 2173 947 2219 servari
980 2174 1108 2219 volo,

155 2243 339 2305 Pauper
363 2261 470 2290 sum
483 2265 506 2301 ‚·
519 2244 667 2292 fateor
680 2279 694 2302 ,
707 2246 862 2307 patior
881 2265 891 2291 ε
911 2246 1049 2307 quod
1063 2246 1146 2293 Dii
1164 2245 1304 2304 dant,
1319 2246 1432 2293 fero.

156 2313 250 2361 Abi
277 2316 432 2375 intre,
463 2317 662 2365 occlude
681 2319 892 2382 januam.
917 2321 1018 2383 jam
1046 2335 1135 2384 ego
1165 2320 1244 2366 hic
1274 2337 1369 2366 ero.

159 2388 283 2435 Cave
309 2408 606 2453 quemquam
629 2392 838 2440 alienum
863 2393 915 2440 in
937 2393 1067 2441 aedis
1083 2395 1399 2441 intromiseris.

162 2461 312 2530 Quod
335 2466 572 2531 quispiam
593 2467 754 2532 ignem
777 2478 996 2529 quaerat,
1012 2467 1245 2531 exstingui
1264 2467 1400 2514 volo:
