1650 2826
252 171 349 231 406
580 165 1194 214 CAPTEIVEI.
1401 153 1537 217 ms

538 286 1246 320 PHILOCRATES.

1231 355 1538 418 Polyplusio.

257 430 412 503 Quod
435 445 581 496 genus
603 429 698 475 illic
726 438 792 474 est
817 443 975 474 unum
1002 429 1188 491 pollens
1216 440 1362 491 atque
1388 430 1542 476 hono-

506 503 819 549 ratissumum.

740 597 773 630 H
809 597 839 629 Ε
877 596 909 628 G
945 597 965 629 1
1003 597 1050 630 o.

257 667 395 742 Quid
420 667 545 729 ipsus
574 665 684 711 hic?
713 682 815 726 quo
835 666 1018 710 honore
1043 676 1110 711 est
1130 665 1263 712 illic?

545 766 1256 803 PHILOCRATES.

704 843 931 900 Summo,
951 853 1098 909 atque
1118 843 1178 888 ab
1201 844 1396 894 summis
1420 845 1540 898 viris„

749 947 783 979 Η
819 946 848 978 Ε
888 946 919 978 G
957 946 976 977 1
1015 946 1061 977 o.

257 1016 391 1069 ⁴Tum
410 1015 552 1079 igitur
578 1014 646 1070 ei,
673 1029 827 1074 quom
853 1012 905 1063 in
927 1011 1040 1064 Aliis
1063 1023 1193 1063 tanta
1219 1014 1363 1078 gratia
1385 1015 1438 1060 ’st
1453 1049 1467 1073 ,
1487 1027 1541 1062 ut

509 1086 771 1149 praedicas,

258 1164 397 1236 Quid
428 1162 618 1214 divitiae
635 1195 648 1217 ‚
679 1170 853 1206 suntne
885 1159 1110 1220 opimae?

550 1256 1261 1294 PHILOCRATES.

793 1322 934 1373 Unde
953 1334 1191 1384 excoquat
1207 1341 1370 1372 sevom
1387 1341 1542 1375 senex.

745 1418 780 1453 H
818 1418 847 1456 E
887 1419 920 1455 G.
954 1418 976 1455 I
1016 1418 1067 1456 O«

257 1489 397 1563 Quid
412 1490 434 1535 Ρ
463 1499 596 1551 pater
618 1488 832 1535 vivitne?

547 1582 1254 1617 PHILOCRATES..

502 1658 681 1706 Vivom
695 1692 708 1714 ‚
735 1674 888 1718 quom
909 1658 1024 1705 inde
1045 1658 1246 1705 abiimus
1264 1693 1277 1715 ‚
1298 1658 1540 1720 liquimus.

258 1733 433 1791 Nunc,
469 1733 627 1789 vivat,
664 1747 843 1788 necne,
887 1731 939 1777 id
981 1733 1167 1780 Orcum
1204 1732 1317 1779 scixe
1354 1743 1542 1794 oportet

513 1805 700 1853 scilicet.

637 1903 1165 1937 TYNDARUS.

261 1972 396 2022 Salva
426 1991 496 2021 res
525 1985 607 2020 est.
643 1973 1008 2036 philosophatur
1048 1989 1250 2036 quoque
1272 1975 1372 2039 jam
1393 2007 1408 2032 ‚
1440 1988 1542 2024 non,

510 2044 721 2092 mendax
741 2045 891 2092 modo
911 2046 978 2091 ’st.

749 2147 783 2179 Η
817 2147 847 2179 E
885 2145 917 2179 G
951 2146 973 2179 1
1009 2146 1058 2183 ο,

263 2214 416 2283 Quod
439 2226 534 2263 erat
561 2218 605 2263 ei
625 2232 807 2263 nomen
823 2216 845 2261 Ξ)

553 2312 1259 2356 PHILOCRATES.

768 2391 1540 2461 Thesaurochsysomcochrysides„
