1650 2826
215 206 298 251 118

383 380 1307 452 PROLOGUS.

208 525 315 641 H
335 604 366 637 o
381 602 407 635 c
445 588 591 653 agite,
620 588 751 634 sultis
766 622 779 645 ‚
808 597 1112 649 spectatores,
1140 602 1272 634 nunc
1293 588 1388 637 iam
1404 623 1420 647 ,

206 673 345 741 Quae
365 668 564 731 quidem
583 669 701 715 mihi
718 680 864 730 atque
881 670 1016 715 vobis
1038 686 1106 715 res
1128 680 1283 716 vortat
1296 669 1421 716 bene
1434 706 1448 728 ‚

209 749 448 813 Gregique
465 748 576 794 huic
590 783 603 804 ,
624 759 670 793 et
689 747 892 794 dominis
906 782 919 805 ‚
938 759 1081 809 atque
1100 748 1484 798 conductoribus.

205 830 323 875 Face
343 831 443 892 jam
464 844 596 874 nunc
610 863 622 885 ,
647 840 703 875 tu
721 845 891 891 praeco
906 864 920 886 ,
943 846 1141 877 omnem
1162 830 1370 877 auritum
1391 846 1481 892 po-

458 903 618 963 plum.-

207 983 307 1048 Age
334 998 466 1029 nunc
491 981 665 1027 reside:
692 997 803 1027 cave
832 980 981 1027 modo
1011 996 1074 1026 ne
1103 983 1267 1046 gratiis.

205 1064 349 1111 Nunc
366 1098 379 1122 ,
409 1062 529 1124 quid
554 1060 854 1123 processerim
882 1061 975 1107 huc
991 1096 1006 1119 ,
1034 1072 1082 1107 et
1111 1062 1232 1123 quid
1260 1063 1379 1109 mihi
1404 1079 1487 1110 vo-

461 1135 632 1182 luerim
648 1169 662 1192 ,

206 1218 398 1268 Dicam3
434 1227 490 1263 ut
521 1215 689 1262 sciretis
717 1231 898 1262 nomen
932 1217 1072 1280 hujus
1098 1216 1315 1263 Fabulae.

206 1299 330 1347 Nam
350 1296 486 1359 quod
503 1296 564 1342 ad
582 1307 918 1360 argumentum
932 1297 1100 1343 attinet
1114 1331 1128 1354 ,
1141 1314 1248 1344 sane
1262 1297 1407 1345 breve
1418 1298 1484 1344 ’st.

206 1378 350 1424 Nunc
385 1375 522 1438 quod
553 1393 632 1423 me
666 1375 765 1421 dixi
795 1377 918 1422 velle
949 1377 1084 1422 vobis
1114 1377 1293 1435 dicere,

206 1458 378 1505 Dicam
396 1475 406 1501 ε
445 1456 572 1502 Huic
591 1471 773 1502 nomen
792 1455 967 1502 Graece
984 1456 1038 1502 ’st
1063 1456 1253 1520 Onagos
1270 1457 1487 1504 Fabulae.

206 1538 525 1601 Demophilus
560 1539 737 1604 scribsit
753 1573 766 1595 ,
793 1538 977 1584 Marcus
1000 1538 1146 1585 vortit
1173 1539 1379 1586 barbare.

208 1618 467 1666 Asinariam
492 1619 595 1665 volt
619 1635 711 1666 esse
727 1653 740 1675 ,
765 1619 801 1685 εἰ
825 1635 910 1680 per
938 1635 1022 1666 vos
1045 1619 1167 1666 licet.

208 1700 338 1745 Inest
366 1688 498 1760 lepos
524 1699 765 1761 ludusque
790 1701 842 1747 in
868 1702 955 1749 hac
982 1700 1255 1748 Comoedia.

210 1779 428 1826 Ridicula
451 1795 521 1824 res
551 1790 631 1824 est.
662 1779 768 1825 date
796 1780 1001 1845 benigne
1031 1797 1223 1844 operam
1251 1781 1398 1840 mihi,
1430 1825 1441 1836 ,

211 1858 277 1906 Ut
307 1874 391 1905 vos
417 1857 535 1905 item
557 1858 689 1916 alias,
716 1858 885 1920 pariter
914 1873 1045 1909 nunc
1071 1860 1192 1908 Mars
1218 1860 1423 1926 adjuvet.
