1650 2826
230 210 325 270 4&
550 189 1234 252 CAPTEIVEL“
1380 224 1513 256 mm

229 297 340 366 Atait
360 351 374 375 ,
407 318 501 362 scio
529 332 613 363 cur
647 326 695 361 te
730 327 915 376 patrem
946 315 1180 360 assimules
1213 330 1334 373 esse,
1357 327 1405 362 et
1428 322 1507 362 me

483 390 634 450 filium
655 408 664 434 :

232 464 363 533 Quia
390 463 540 519 mihi,
564 463 680 534 item
709 472 765 507 ut
798 472 1033 521 parentes,
1064 461 1180 507 lucis
1204 461 1281 507 das
1303 461 1509 509 tuendae

484 553 686 598 copiam.

521 635 1227 673 PHILOCRATES.

230 704 393 765 Salve,
425 704 664 768 Tyndare.

602 805 634 837 Τ
668 805 703 837 Y
740 805 775 838 N
810 804 845 837 D
881 804 915 837 A
950 804 983 836 R
1019 803 1054 835 U
1091 797 1129 837 S.

391 875 453 923 Et
468 885 523 920 tu
533 907 547 931 ,
567 875 740 939 quojus
758 890 911 920 caussa
926 873 1047 918 hanc
1061 882 1336 920 aerumnam
1353 874 1504 939 exigo.

509 979 1216 1014 PHILOCRATES.

235 1057 301 1104 At
317 1071 447 1102 nunc
463 1054 582 1100 liber
605 1053 655 1099 in
674 1053 855 1099 divitias
870 1089 884 1111 ,
902 1053 1011 1100 faxo
1025 1090 1038 1112 ,
1063 1055 1236 1101 venies.
1269 1072 1380 1103 nam
1398 1059 1488 1105 tibi

231 1131 367 1177 Pater
394 1128 469 1174 hic
498 1138 589 1176 est;
619 1126 695 1171 hic
722 1142 875 1171 servos
892 1160 906 1182 ,
931 1128 1018 1187 qui
1046 1138 1094 1174 te
1120 1128 1233 1175 huic
1253 1129 1366 1177 hinc
1393 1149 1508 1195 qua-

492 1199 701 1244 drimum
727 1197 911 1258 surpuit
927 1231 942 1254 ,

231 1271 466 1320 Vendidit
491 1270 612 1332 patri
639 1285 749 1314 meo
775 1279 824 1313 te
853 1283 934 1313 sex
960 1269 1113 1316 minis.
1149 1271 1185 1317 is
1216 1283 1264 1319 te
1291 1275 1413 1321 mihi

233 1347 489 1393 Parvolum
519 1342 806 1404 peculiarem
826 1344 1023 1403 parvolo
1050 1361 1200 1406 puero
1229 1347 1374 1394 dedit.
1408 1366 1410 1368 ·

233 1420 336 1467 Illic
365 1416 598 1464 indicium
622 1415 746 1461 fecit.
776 1430 887 1461 nam
915 1416 1046 1463 hunc
1075 1433 1135 1464 ex
1155 1418 1294 1467 Alide
1320 1422 1415 1470 huc
1435 1441 1505 1472 re-

485 1488 714 1534 ducimus.
1050 1513 1052 1515 ·

610 1589 1135 1626 TYNDARUS.

228 1663 399 1736 Quid,
428 1663 570 1729 hujus
601 1661 794 1708 filiurn?
860 1684 862 1686 >

519 1765 1219 1801 PHILOCRATES.

503 1842 638 1888 Intus
657 1832 822 1888 eccum
841 1841 1028 1888 fratrem
1046 1832 1325 1907 germanum
1344 1851 1498 1889 tuum.

602 1941 635 1974 T
670 1942 705 1974 Y
739 1942 773 1975 N
807 1942 843 1975 D
877 1942 913 1975 A
947 1943 981 1976 R
1016 1943 1051 1975 U
1088 1944 1127 1977 s.

229 2015 369 2089 Quid
403 2026 458 2063 tu
486 2015 548 2062 ais
564 2015 587 2061 ?
619 2015 867 2063 adduxtin'
891 2017 1029 2064 iHum
1058 2018 1200 2075 huius
1232 2017 1495 2081 capteivom

481 2090 636 2137 filium
651 2090 675 2137 ἓ
923 2097 927 2100 ’

516 2173 1221 2226 ΡΗῑᾞοοιιΑΤΕε.

225 2268 368 2336 Quin
383 2303 398 2331 ,
419 2271 619 2335 inquam
634 2303 649 2328 ‚
672 2270 800 2316 intus
817 2270 895 2317 hic
915 2282 994 2317 est.

599 2372 633 2407 ,Τ
667 2371 703 2404 Y
737 2371 772 2403 N
807 2371 843 2403 D
878 2371 912 2403 A
947 2371 982 2404 R
1015 2370 1053 2402 U
1088 2368 1125 2403 s.

704 2445 868 2492 Fecisti
885 2445 1054 2506 edepol
1072 2455 1118 2490 et
1138 2453 1262 2489 recte
1289 2452 1336 2489 et
1355 2441 1491 2491 bene.

1612 2452 1626 2505 „si-'s

1603 2495 1626 2826 'mv-ffbm-:uffiw
