1650 2826
0 2718 14 2732 τ
10 2694 12 2698 ἡ
0 2626 18 2671 τῖ’-5
0 2590 17 2613 ³.
0 2388 25 2576 τεν-’φωνᾷ
0 2286 19 2374 ⁴³50:-

157 226 318 272 παρη
451 203 736 257 ACTUS
786 204 823 251 I.
879 202 986 252 SC.
1040 205 1126 254 1.·,
1349 218 1409 264 27

465 334 509 367 M
541 332 574 366 Ε
606 332 640 364 Β
675 331 702 362 c
738 328 772 362 U
808 329 841 362 R
876 329 898 394 ξ
931 329 968 362 υ
1002 328 1043 362 s.

135 399 201 445 At
231 398 439 446 mentiris
471 399 644 444 etiam:
681 408 809 444 certo
841 396 1072 458 pedibus,
1107 411 1211 443 non
1228 396 1413 444 ‘tunicis

376 471 522 518 venis.

599 557 630 591 -ε
666 558 698 591 o
735 557 758 591 s
794 557 815 590 1
850 555 898 589 A.

124 620 200 666 Ita
213 617 443 680 profecto.

469 712 510 744 M
547 713 576 744 Ε
608 713 640 744 Β
676 713 702 743 c
738 711 773 743 U
810 711 843 743 R
879 711 899 742 1
935 710 970 743 U
1007 710 1045 743 s.

381 781 523 826 Nunc
553 777 768 841 profecto
794 779 966 840 vapula
997 778 1063 824 ob
1089 779 1410 827 mendacium.

610 883 632 916 s
669 883 701 916 o
739 883 762 916 s
799 885 819 916 1
856 886 903 918 A.

126 953 238 999 Non
260 950 433 1014 edepol
462 952 576 997 volo
605 949 834 1012 profecto.

470 1047 1053 1089 MERCURIUS.

743 1136 807 1182 At
835 1138 923 1198 pol
953 1136 1170 1203 profecto
1191 1138 1410 1202 ingratiis.

127 1207 239 1254 Hoc
263 1208 467 1273 quidem³
482 1208 696 1270 profecto
718 1221 901 1263 certum
919 1211 973 1256 ’st
988 1245 1002 1267 ‚
1021 1226 1123 1256 non
1143 1222 1209 1256 est
1225 1212 1412 1259 arbitra-

146 1277 162 1293 ⁶
385 1282 524 1328 rium.

630 1367 653 1400 s
689 1369 722 1401 o
759 1368 782 1401 s
819 1369 840 1401 1
875 1369 924 1401 A.
986 1344 992 1350 ’

128 1432 286 1479 Tuam
313 1434 458 1479 fidem
485 1435 708 1482 obsecro!

467 1522 1048 1582 MERCURIUS.

519 1619 646 1665 Tun’
671 1631 719 1664 te
742 1620 884 1665 audes
907 1621 1086 1668 Sosiam
1109 1639 1202 1670 esse
1226 1624 1379 1672 dicere
1394 1660 1410 1685 ,

131 1688 232 1758 Qui
246 1705 333 1754 ego
348 1691 493 1736 sum?
1252 1693 1257 1695 ’

615 1784 636 1817 s
675 1786 707 1818 o
745 1786 768 1819 s
806 1788 827 1819 1
861 1787 910 1820 A.

475 1849 627 1897 Perii!

472 1932 515 1964 M
549 1934 579 1966 Ε
614 1936 649 1968 Β
684 1938 711 1970 c
745 1939 781 1970 U
816 1940 849 1972 R
884 1941 906 1973 1
941 1941 977 1973 U
1013 1943 1051 1975 s.

291 2004 463 2049 Parum
480 2005 621 2049 etiam
633 2041 646 2063 ‚
664 2021 831 2067 praeut
848 2010 1145 2072 futurum'st,
1162 2018 1411 2076 praedicas.

133 2075 320 2144 Quojus
352 2093 481 2123 nunc
513 2095 557 2123 es
574 2080 596 2124 ?

447 2162 450 2165 Δ
622 2155 645 2188 s
682 2159 713 2190 o
751 2159 772 2192 s
810 2160 831 2192 1
866 2161 913 2193 A.

478 2233 613 2279 Tuus
633 2253 643 2278 ε
664 2250 775 2280 nam
791 2237 962 2301 pugnis
980 2242 1069 2285 usju
1086 2239 1235 2287 fecisti
1252 2254 1408 2292 tuum.

132 2304 223 2351 Pro
249 2305 333 2352 fidi
361 2306 581 2352 Thebani
612 2308 760 2354 cives!
1168 2327 1174 2332 ’

466 2409 510 2442 Μ
543 2411 574 2444 Ε
607 2412 643 2445 R
677 2414 704 2446 C
740 2415 775 2447 U
813 2415 844 2448 R
878 2415 900 2449 I
935 2417 971 2450 U
1006 2419 1043 2451 S.

738 2483 894 2529 Etiam
925 2486 1092 2532 clamas
1107 2521 1122 2545 ,
1147 2490 1371 2536 camufex
1384 2492 1406 2536 ?
