1650 2826
105 190 238 265 'meo
368 212 658 262 Ac‘rus
714 213 818 261 1v.
875 183 1147 262 sc.11.‘
1295 219 1382 278 185

108 326 245 371 Tuus
267 340 422 371 servos
444 334 621 379 servet,
650 320 987 369 Venerine‘eas
1013 323 1119 381 der,
1145 339 1207 370 an
1233 327 1352 372 viro.

110 396 159 443 Si
181 397 301 443 forte
321 413 441 459 pure
461 397 583 443 velle
604 396 776 442 habere
801 396 972 442 dixerit
984 430 999 452 ,

108 469 209 515 Tot
236 467 403 523 reddat
422 484 605 530 spurcas
621 503 635 524 ‚
664 480 788 529 quot
810 485 948 530 puras
978 468 1240 514 habuverit.

110 540 238 587 Haec
268 549 388 590 sunt.
409 555 510 586 non
534 556 710 603 nugae:
740 556 841 585 non
865 540 995 586 enim
1018 539 1281 586 mortualia.

485 641 521 674 D
557 641 576 673 1
613 641 647 673 A
683 640 710 672 Β
746 640 778 673 o
815 640 845 672 L
882 639 917 672 U
955 639 993 674 s.

110 713 299 760 Placent
318 713 534 776 profecto
558 716 693 778 leges.
727 731 923 776 sequere
947 715 1088 760 intro.

464 815 1031 852 PARASITUS.

1159 865 1357 929 Sequor.

502 997 832 1044 SCENA
898 997 990 1043 ΙΙ.

147 1140 700 1178 ΒΙΑΒΟὶῖῙις,
763 1140 1351 1176 PARASITUS.

495 1232 1002 1267 DIABOLUS.

774 1290 785 1312 ο

122 1293 413 1419 SEQUERE
444 1358 557 1403 hac:
588 1357 722 1421 egon'
741 1357 854 1402 haec
875 1354 1057 1417 patim?
1079 1365 1161 1400 aut
1183 1356 1417 1402 taceam?·

131 1471 141 1484 ,
373 1445 522 1474 emon

119 1502 202 1547 Me
232 1500 420 1556 malim,
456 1517 600 1560 quam
623 1501 738 1547 haec
760 1501 984 1564 nonejus
1014 1501 1152 1546 uxori
1170 1501 1391 1547 indicem.

95 1574 228 1629 ,Ain’
257 1584 310 1618 tu
327 1573 349 1617 ?
381 1573 510 1633 apud
533 1574 730 1619 amicam
756 1590 931 1620 munus
958 1573 1298 1619 adulescentuli

122 1645 371 1708 Fungase?
403 1646 540 1691 uxori
566 1662 753 1692 excuses
778 1658 851 1703 te,
883 1657 930 1691 et
960 1645 1081 1691 dicas
1107 1647 1298 1692 senem?

124 1718 370 1779 Praeripias
391 1729 598 1769 scortum
625 1720 803 1775 amanti
816 1753 829 1776 ‚
847 1730 991 1781 atque
1017 1730 1264 1782 asgentum
1291 1719 1397 1766 obi-

377 1804 464 1834 cias

53 1882 59 1887 ·
127 1863 284 1908 Lenae
302 1861 324 1906 ?
355 1862 557 1923 suppiles
586 1863 707 1908 clam
740 1862 873 1908 domi
899 1879 1100 1909 uxorem
1133 1864 1302 1908 tuam?

128 1934 390 1996 Suspendas
422 1936 579 1996 potius
606 1953 711 1993 me,
745 1953 891 1998 quam
923 1937 1060 1982 tacita
1090 1947 1144 1982 tu
1172 1937 1286 1982 haec
1314 1954 1399 1982 au-

378 2006 504 2054 feras.
565 2020 573 2022 *

72 2094 86 2123 τΔ
123 2078 230 2138 Jam
253 2079 450 2141 quidem
465 2114 478 2135 ‚
498 2080 676 2136 hercle,
700 2079 761 2125 ad
777 2080 906 2125 illam
924 2080 1037 2125 hinc
1052 2079 1134 2125 ibo
1148 2113 1162 2136 ‚
1182 2095 1329 2140 quam
1343 2090 1401 2126 tu
1413 2137 1423 2142 ³

64 2142 75 2159 '²
376 2153 654 2217 propediem
667 2187 681 2210 ‚
1388 2216 1396 2223 .

60 2288 61 2293 ¹
130 2225 230 2271 Nisi
257 2225 455 2286 quidem
485 2225 561 2270 illa
583 2237 692 2272 ante
720 2227 975 2287 occupassit
999 2237 1047 2271 te
1062 2259 1077 2283 ‚
1097 2227 1263 2291 effliges
1278 2227 1371 2273 scio
1384 2261 1397 2284 ‚

132 2295 366 2342 Luxutiae
398 2307 580 2342 sumtus
605 2297 901 2359 suppeditare
924 2308 979 2342 ut
1001 2298 1183 2358 possies‘.

484 2374 1047 2429 1³⁷A11AS1T1JS.

135 2453 235 2519 Ego
257 2455 317 2502 sic
340 2455 618 2510 faciundum
643 2473 823 2514 censeo.
850 2474 930 2503 me
960 2458 1181 2505 honestiu
1197 2459 1251 2503 ’st
1265 2492 1278 2514 ‚
