1650 2826
243 159 336 221 με
583 135 1201 206 CAPTEIVEI.
1393 165 1528 227 ιδῃ

635 278 1165 316 TYNDARUS.

243 362 389 409 Istaec
419 358 542 405 dicta
564 368 612 403 te
637 358 837 419 experiri
864 369 910 404 et
931 359 1082 420 operis
1112 371 1160 406 et
1181 359 1311 408 factis
1335 363 1462 410 volo.

240 439 302 486 Et
325 455 425 501 quo
452 438 612 484 minus
645 436 770 494 dixi,
791 453 939 498 quam
963 437 1098 484 volui
1123 438 1183 486 de
1209 450 1256 485 te
1273 474 1287 498 ‚
1309 430 1527 488 afiimun'a

494 509 708 556 advortas
733 510 864 555 volo.

239 585 405 647 Atque
431 586 619 631 horunc
644 583 907 631 verborum
933 601 1087 631 caussa
1113 597 1277 634 caveto
1301 586 1421 632 mihi
1442 587 1527 634 ira-

497 667 573 702 tus
606 655 720 702 fuas.

235 730 333 778 Sed
362 741 439 788 te,
474 745 677 791 quaeso,
712 728 918 795 cogitato
938 763 952 788 ,
985 729 1098 776 hinc
1131 746 1240 778 mea
1269 731 1364 778 fide
1395 732 1526 779 mitti

493 804 699 850 domum

234 878 323 939 Te,
343 889 658 925 aestumatum
676 913 691 934 ,
717 887 764 922 et
793 893 952 922 meam
979 893 1072 923 esse
1095 878 1244 926 vitam
1268 879 1345 926 hic
1365 896 1456 942 pro
1475 890 1524 926 te

489 951 693 1013 positam
718 950 920 1013 pignori.

235 1032 309 1079 Ne
322 1042 378 1078 tu
396 1047 475 1076 me
494 1030 704 1094 ignores,
721 1045 875 1089 quom
895 1032 1140 1093 extemplo
1156 1047 1268 1078 meo
1287 1047 1312 1076 e
1327 1047 1522 1093 conspe-

495 1114 576 1149 ctu
610 1101 885 1147 abscesseris

234 1179 407 1249 Quom
425 1193 505 1223 me
529 1191 715 1222 servom
732 1175 783 1220 in
802 1175 1026 1221 servitute
1042 1191 1131 1237 pro
1149 1185 1198 1222 te
1216 1177 1294 1222 hic
1314 1177 1520 1238 relique-

486 1267 544 1296 ns
564 1269 575 1301 ;

231 1327 413 1388 Tuque
436 1337 484 1371 te
509 1341 598 1387 pro
621 1324 771 1370 libero
799 1340 893 1370 esse
919 1323 1086 1380 ducas„
1113 1324 1286 1389 pignus
1314 1324 1520 1372 deseras:

232 1402 407 1463 Neque
439 1400 519 1446 des
550 1406 775 1460 (speram,
803 1415 891 1460 pro
923 1414 1002 1445 me
1035 1408 1092 1443 ut
1126 1398 1268 1462 hujus
1294 1398 1521 1445 reducem

494 1471 628 1518 facias
657 1472 825 1518 filium.
1176 1530 1181 1534 .

236 1544 366 1592 Scito
398 1556 446 1591 te
473 1545 584 1591 hinc
611 1544 751 1590 minis
775 1543 944 1608 viginti
970 1554 1287 1591 aestumatum
1308 1545 1498 1591 mittier.

236 1619 328 1665 Fac
356 1618 504 1664 fidelis
534 1618 589 1664 sis
614 1617 776 1677 fideli:
806 1634 918 1664 cave
949 1616 1095 1663 fidem
1124 1616 1305 1663 fluxam
1337 1634 1476 1682 geras,

234 1692 360 1738 Nam
381 1702 515 1754 pater
528 1728 542 1750 2
562 1692 655 1738 scio
673 1726 687 1749 ,
711 1690 848 1737 faciet
861 1725 874 1748 ‚
904 1706 1027 1751 quae
1053 1690 1192 1736 inum
1210 1690 1358 1737 facere
1377 1705 1520 1752 opor-

488 1775 558 1809 tet
576 1799 588 1821 ,
618 1779 789 1809 omma.

234 1837 377 1885 Serva
392 1838 442 1882 ’m
459 1847 751 1898 perpetuum
768 1835 857 1881 tibi
871 1836 1082 1883 amicum
1097 1853 1200 1895 me,
1219 1846 1366 1898 atque
1383 1836 1515 1883 hunc

492 1910 747 1956 inventum
778 1908 953 1955 inveni.
1487 1903 1489 1906 ⁴

234 1985 366 2031 Haec
405 2001 490 2047 per
524 1983 767 2030 dexteram
802 1994 936 2029 tuam
952 2016 966 2040 ,
1004 1993 1053 2028 te
1086 1981 1277 2029 dextera
1309 1983 1513 2029 retinens

486 2075 632 2104 manu
654 2093 668 2115 ‚

234 2131 448 2178 Obsecro
463 2166 476 2189 ,
502 2132 738 2180 infidelior
761 2131 881 2177 mihi
900 2147 961 2177 ne
982 2130 1081 2177 fuas
1097 2165 1111 2188 ,
1133 2147 1279 2192 quam
1302 2145 1388 2193 ego
1403 2145 1509 2174 sum

212 2263 220 2269 ..
488 2206 590 2251 tibi.

233 2275 314 2322 Tu
335 2278 427 2323 hoc
448 2296 543 2343 age.
575 2290 628 2324 tu
649 2278 767 2324 mihi
786 2279 924 2324 herus
943 2293 1074 2324 nunc
1097 2293 1167 2333 es,
1186 2286 1241 2321 tu
1255 2285 1480 2336 patronus
1493 2308 1509 2331 ,

484 2363 538 2397 tu
571 2367 702 2413 pater
725 2372 734 2398 :
892 2358 898 2361 ’

232 2420 349 2469 Tibi
376 2425 650 2471 conmendo
677 2442 779 2486 spes
813 2440 1024 2487 opesque
1050 2437 1187 2471 meas,
