1650 2826
1299 193 1392 257 389

293 372 1222 488 PR-oLo‘GUS.

121 563 309 678 Hos
346 645 467 690 quos
495 627 663 675 videtis
686 639 801 674 stare
834 627 911 674 hic
941 626 1180 689 capteivos
1214 625 1362 685 duos,

121 703 199 749 Illi
229 702 314 764 qui
341 713 514 758 astant,
535 702 585 747 hi
609 713 730 747 stant
759 700 902 746 ambo
921 735 934 757 ‚
958 716 1058 745 non
1086 700 1264 746 sedent.

119 775 217 822 Vos
243 792 325 822 vos
353 777 470 821 mihi
495 786 630 821 testes
660 775 790 831 estis,
819 791 897 820 me
929 791 1096 820 verum
1125 775 1276 835 loqui.

121 847 275 895 Senex
295 849 381 910 qui
403 849 480 894 hic
507 848 685 894 habitat
701 883 714 903 ,
733 848 886 912 Hegio
912 860 978 894 est
997 850 1137 911 hujus
1167 861 1314 910 pater.

120 921 214 968 Sed
244 922 280 968 is
313 938 413 983 quo
445 933 585 983 pacto
621 921 785 966 serviat
815 938 900 967 suo
931 921 1018 966 sibi
1038 915 1195 981 patri,

119 993 179 1040 Id
202 1010 289 1058 ego
315 994 391 1040 hic
415 994 543 1055 apud
566 1009 649 1039 vos
671 993 929 1054 proloquar
946 1027 960 1050 ,
983 992 1018 1038 si
1039 1009 1231 1055 operam
1259 991 1390 1038 datis.

121 1065 231 1112 Seni
256 1067 366 1113 huic
391 1065 586 1112 fuerunt
605 1066 687 1110 filii
710 1065 807 1111 nati
835 1065 935 1112 duo
957 1101 970 1123 ,

122 1139 339 1185 Alterum
371 1138 674 1199 quadrimum
708 1154 915 1198 puerum
943 1154 1096 1183 servos
1121 1140 1334 1199 surpuit,

122 1212 349 1271 Eumque
372 1212 483 1256 hinc
511 1210 780 1273 profugiens
808 1211 1023 1256 vendidit
1049 1213 1097 1257 in
1126 1212 1263 1258 Alide

125 1283 337 1346 Hujusce
369 1282 519 1341 patri:
546 1283 646 1344 jam
681 1283 772 1326 hoc
803 1283 1006 1326 tenetis?
1036 1295 1298 1344 optumum
1326 1286 1393 1331 ’st.

126 1356 305 1420 Negat,
337 1355 492 1400 hercle
508 1388 521 1410 ,
547 1355 625 1399 ille
647 1355 855 1400 ultimus.
886 1355 1125 1401 accedito!

127 1429 177 1476 Si
201 1445 329 1485 non,
352 1427 438 1474 ubi
461 1426 640 1484 sedeas,
664 1428 794 1473 locus
819 1439 913 1485 est,
933 1440 1023 1484 est,
1046 1430 1133 1475 ubi
1156 1431 1369 1478 ambules
1383 1468 1399 1492 ‚

128 1500 341 1572 Quando
376 1499 651 1546 histrionem
687 1496 810 1565 cogis
845 1501 1162 1548 mendicarier.

127 1575 231 1637 Ego
254 1589 333 1618 me
357 1583 439 1618 tua
462 1589 613 1618 caussa
626 1607 639 1629 ‚
659 1589 725 1618 ne
744 1590 858 1619 erres
873 1609 885 1629 ‚
904 1590 1006 1621 non
1031 1588 1258 1637 rupturus
1277 1595 1396 1625 sum.

128 1644 228 1690 Vos
261 1643 347 1704 qui
373 1643 564 1704 potestis
591 1657 682 1704 ope
711 1654 863 1689 vostra
888 1645 1135 1702 censerier5

131 1715 344 1775 Accipite
372 1714 639 1774 reliquom:
669 1714 822 1760 alieno
848 1716 920 1760 uti
948 1716 1068 1762 nihil
1096 1734 1270 1764 moror.

129 1787 369 1851 Fugitivos
398 1787 475 1832 ille
490 1821 503 1843 ,
527 1797 584 1832 ut·
611 1786 821 1833 dixeram
841 1799 974 1845 ante,
999 1789 1139 1852 hujus
1158 1791 1309 1851 patri,

133 1860 297 1907 Domo
332 1874 479 1919 quem
513 1857 782 1922 profugiens
819 1860 1073 1907 dominum
1109 1863 1392 1923 abstulerat,

382 1931 610 1977 vendidit.

3 1999 7 2003 ’
41 2034 62 2050 «
131 2003 225 2050 Hic
248 2013 503 2064 postquam
525 2002 654 2048 hunc
669 2004 784 2049 emit
798 2038 812 2061 ,
833 2004 965 2051 dedit
983 2022 1095 2052 eum
1117 2006 1232 2051 huic
1249 2019 1392 2071 gnato

385 2091 471 2121 SUO

51 2167 65 2211 5]
133 2152 423 2198 Peculiarem
438 2185 452 2207 ‚
481 2150 593 2211 quia
616 2151 746 2211 quasi
773 2167 867 2197 una
892 2163 1012 2198 aetas
1037 2164 1144 2199 erat.

64 2259 66 2261 ·
134 2225 229 2272 Hic
260 2241 390 2271 nunc
420 2225 552 2270 domi
578 2225 716 2270 servit
743 2241 827 2270 suo
856 2226 1005 2286 patri,
1030 2242 1118 2272 nec
1143 2228 1227 2274 scit
1249 2240 1393 2290 pater.

136 2296 390 2342 Enimvero
413 2296 498 2342 Dii
518 2313 602 2342 nos
626 2297 756 2358 quasi
779 2297 891 2358 pilas
918 2297 1133 2344 homines
1161 2299 1351 2347 habent.

136 2367 389 2416 Rationem.
418 2370 624 2427 habetiS,
653 2372 902 2431 quomodo
937 2389 1091 2418 unum
1119 2374 1333 2421 amiserit.

68 2471 70 2474 >
138 2441 695 2508 Postquamrbelligerant
718 2443 876 2493 Aetoli
906 2459 1016 2490 cum
1037 2443 1177 2502 Aliis,

1054 2517 1090 2563 B
1110 2517 1143 2563 b
1171 2533 1196 2576 3
