1650 2826
232 219 328 268 ‘520
651 203 1062 253 CASINA.
1185 188 1188 191 ’
1371 167 1511 256 νζιες

565 314 578 329 ”
644 323 1085 359 sTALINo,

429 402 602 448 Timeo
625 403 718 449 hoc
737 403 987 468 negotium
1000 438 1014 461 ,
1035 402 1154 464 quid
1171 414 1237 449 est
1252 437 1265 460 ‚
1290 404 1377 450 nisi
1398 406 1512 451 haec

1131 477 1335 522 meraclo

237 549 297 598 Se
325 549 758 612 uspiam'percussit
786 548 902 596 flore
925 550 1122 614 Libyco.

533 641 563 674 1>
599 641 635 674 A
668 642 703 677 R
737 642 773 674 D
809 642 845 676 A
878 642 908 676 L
945 644 966 677 1
1003 642 1025 675 s
1061 643 1088 674 c
1125 642 1173 675 A.

948 709 1131 755 Obtine
1157 711 1275 755 auris
1291 744 1304 767 ‚
1330 710 1511 756 amabo.

653 809 676 842 s
714 809 745 841 T
779 807 814 842 A
849 809 879 840 L
914 810 935 841 1
972 810 1004 842 N
1045 809 1094 841 o.
1150 847 1153 854 ,

238 879 265 924 Ι
280 878 331 923 in
356 878 530 924 malam
556 892 768 925 crucem:
798 887 989 938 pectuS‚
1017 876 1161 934 auris,
1181 887 1323 939 caput
1338 911 1350 934 ,
1369 887 1514 937 teque

491 948 572 993 Dii
605 948 857 1009 perduint:

239 1023 365 1070 Nam
383 1022 470 1068 nisi
490 1038 548 1067 ex
565 1032 612 1066 te
645 1021 738 1066 scio
759 1056 773 1078 ,
797 1021 1038 1084 quidquid
1061 1022 1155 1068 hoc
1181 1022 1236 1067 sit
1250 1056 1262 1079 ,
1281 1022 1374 1067 cito
1393 1040 1403 1071 ;
1417 1023 1517 1084 jam

492 1093 582 1138 tibi
612 1093 731 1138 istuc

245 1169 505 1215 Cerebrum
547 1165 880 1228 dispercutiam
898 1198 914 1222 ,
953 1174 1136 1211 excetra
1175 1175 1231 1210 tu
1259 1184 1268 1210 :
1309 1166 1516 1215 ludibrio

332 1287 343 1298 ‚
500 1257 716 1302 pessuma
743 1238 900 1285 adhuc

245 1316 385 1384 Quae
410 1330 489 1361 me
518 1312 736 1359 habuisti.

566 1417 596 1450 P
635 1416 671 1449 A
704 1417 740 1450 R
774 1416 810 1448 D
845 1413 881 1446 A
914 1413 945 1446 1.
981 1414 1002 1446 1
1042 1412 1064 1446 S
1101 1414 1127 1446 C
1162 1413 1213 1446 A.

632 1483 761 1530 Here
783 1482 877 1528 mi!

674 1585 698 1619 S
738 1584 768 1616 T
804 1583 839 1616 A
872 1582 903 1616 L
939 1583 960 1615 I
996 1584 1030 1618 N
1067 1584 1115 1616 O.

727 1661 870 1731 Quid
890 1661 960 1708 vis
975 1696 989 1718 ‚
1007 1678 1114 1707 mea
1131 1660 1331 1707 ancilla?

565 1764 596 1798 P
631 1763 667 1797 A
700 1765 735 1798 R
768 1762 804 1796 D
840 1762 875 1795 A
909 1763 938 1795 L
974 1763 995 1795 Ι
1033 1761 1055 1795 S
1092 1764 1118 1795 C
1156 1763 1204 1794 A.

1066 1826 1071 1831 ’
1131 1828 1350 1875 Nimium
1371 1826 1523 1873 saevis.

671 1923 693 1958 s
731 1924 762 1957 T
797 1925 832 1957 A
868 1923 899 1958 L
934 1918 961 1955 r
992 1923 1025 1956 N
1066 1922 1116 1954 ο.

253 2007 467 2055 Numero
496 2001 625 2050 dicis,
658 2000 740 2046 sed
773 2002 866 2047 hoc
904 1998 1147 2062 quidquid
1177 2009 1268 2056 est,
1302 1998 1525 2058 loquere:

522 2080 574 2126 in
605 2095 757 2142 pauca
783 2076 916 2122 refer.

255 2151 394 2221 Quid
429 2152 556 2204 intus
591 2150 791 2199 tumulti
822 2148 946 2195 fuit?

573 2251 603 2286 P
637 2252 673 2285 A
707 2253 741 2284 R
776 2251 811 2284 D
848 2248 883 2282 A
918 2248 949 2281 L
983 2247 1004 2279 1
1043 2245 1065 2279 s
1102 2245 1129 2276 c
1166 2243 1214 2276 A.

701 2318 861 2365 Scibis.
888 2316 999 2363 audi
1026 2315 1223 2361 malum
1230 2322 1525 2372 pessumum,

259 2390 413 2463 Quod
442 2391 519 2436 hic
549 2391 698 2436 modo
731 2391 858 2436 intus
882 2389 1011 2452 apud
1032 2404 1117 2434 nos
1141 2397 1222 2432 tua
1244 2381 1406 2428 ancilla
1433 2380 1527 2427 hoc

512 2472 652 2523 pacto
682 2460 886 2508 exo1diri

1644 2737 1650 2749 -
1644 2701 1650 2731 ..ι-.
1634 2692 1637 2694 ’
1641 2636 1650 2685 *Α
1641 2508 1650 2629 ,ιι-...ιΕΑΛ
1644 2495 1650 2502 -.
1639 2404 1650 2489 ΔΑΜ
1642 2272 1650 2399 ..ι-μω,«,«
1644 2222 1650 2238 ,.
