1650 2826
271 232 363 274 500
685 213 731 259 ‘C
763 211 806 258 A
838 211 868 258 S
905 213 927 258 Ι
961 212 1006 258 Ν
1038 212 1109 265 A„
1418 233 1539 276 vaf).

265 323 339 369 Ne
365 339 391 368 a
422 337 501 367 me
534 336 765 367 memores
790 322 1022 368 malitiose
1050 321 1110 368 de
1135 321 1222 369 hac
1249 339 1297 369 re
1331 322 1508 373 factum
1527 360 1540 382 ,

523 406 605 440 aut
627 395 826 456 suspices
845 428 860 452 o

264 470 378 518 Tibi
407 470 656 534 permitto:
687 481 791 516 tute
820 471 944 516 sorti.

670 557 702 591 Ο
738 558 768 590 L
805 558 839 591 Y
877 559 920 591 M
955 558 982 591 P
1022 559 1043 590 1
1081 558 1127 592 Ο.

918 624 1075 669 Perdis
1098 642 1189 672 me.

657 717 683 750 C
721 716 755 749 H
784 716 824 750 A
859 716 889 749 L
925 717 946 749 1
985 718 1018 750 N
1055 717 1091 750 U
1127 717 1165 751 S.

1186 764 1397 825 Lucrurn
1419 777 1539 826 facit.

576 861 1222 898 CLEOSTRATA.

262 915 537 963 Benefacis.

652 1001 679 1032 c
715 999 750 1032 H
786 1001 819 1033 A
855 1001 885 1033 L
922 1002 942 1034 1
978 1003 1011 1035 N
1050 1001 1085 1034 U
1122 1000 1159 1034 s.
1530 1037 1534 1039 .

399 1071 555 1117 χΙ)εοε
575 1085 748 1131 quaeso
763 1102 777 1126 ,
797 1080 852 1115 ut
865 1080 948 1115 tua
964 1086 1057 1115 sors
1074 1085 1134 1115 ex
1149 1070 1294 1117 sitella
1314 1072 1538 1137 effugerit,

683 1165 714 1197 o
751 1164 781 1196 L
817 1164 852 1196 Y
888 1165 931 1197 M
967 1165 995 1197 P
1034 1165 1055 1197 1
1091 1166 1140 1198 o.

262 1233 368 1281 Ain’
398 1233 488 1280 tu?
534 1234 647 1294 quia
674 1243 729 1278 tu
762 1249 806 1278 es
836 1231 1058 1296 fugitivos
1074 1266 1088 1289 ,
1110 1234 1267 1295 »omnis
1292 1245 1341 1280 te
1367 1235 1539 1283 imitari

524 1321 669 1366 cupis.

262 1380 459 1425 Utinam
489 1390 570 1424 tua
606 1377 832 1439 quidem,
853 1379 972 1423 sicut
1002 1378 1243 1425 Herculeis
1274 1378 1543 1440 praedicant

263 1451 529 1520 Quondam
562 1450 827 1514 prognatis,
853 1449 938 1494 ista
959 1448 1010 1494 in
1038 1449 1277 1495 sortiendo
1306 1467 1398 1496 sors
1426 1450 1541 1496 deli-

525 1538 686 1573 cuerit.

657 1615 682 1647 C
720 1615 753 1647 H
791 1614 826 1647 A
861 1614 892 1647 L
929 1616 949 1647 1
985 1614 1020 1647 N
1055 1614 1090 1647 U
1127 1614 1164 1648 S.

264 1680 345 1725 Tu
364 1690 418 1724 ut
435 1679 658 1740 liquescas
669 1714 682 1737 ,
700 1680 796 1741 ipse
813 1691 1029 1726 actutum
1047 1680 1183 1743 virgis
1199 1679 1536 1727 calefactabere.

693 1771 714 1804 s
753 1771 784 1803 T
821 1771 855 1803 A
890 1770 920 1803 L
957 1773 977 1804 1
1012 1772 1045 1804 N
1081 1772 1129 1804 o.

262 1838 372 1884 Hoc
395 1853 478 1902 age
508 1837 562 1883 sis
580 1871 593 1895 ‚
615 1837 863 1898 Olympio.

670 1930 701 1962 o
737 1929 767 1961 L
805 1929 839 1961 Y
875 1930 919 1963 M
955 1930 982 1962 P
1023 1930 1044 1961 1
1079 1929 1127 1962 ο.

891 1996 939 2043 Si
970 1997 1047 2042 hic
1074 1998 1281 2045 literatus
1306 2015 1387 2045 me
1407 1999 1534 2045 sinat.

686 2088 709 2122 s
745 2088 776 2121 T
815 2088 847 2121 A
882 2089 911 2121 L
949 2089 967 2121 1
1003 2090 1036 2121 Ν
1073 2089 1119 2121 ο.

260 2156 416 2227 Quod
431 2157 620 2205 bonum
642 2167 788 2218 atque
807 2156 1105 2203 fortunatum
1122 2157 1242 2204 mihi
1259 2159 1326 2211 sit,

683 2252 715 2285 o
753 2252 784 2284 L
820 2252 854 2285 Y
890 2253 932 2286 M
968 2252 996 2284 P
1033 2253 1052 2284 1
1089 2253 1140 2285 ο.
1178 2250 1180 2253 ·

1006 2377 1010 2380 q
1057 2315 1260 2366 Ita‘vero
1282 2349 1296 2378 ,
1324 2327 1371 2363 et
1403 2316 1532 2365 mihi.

645 2410 1153 2448 CHALINus.

260 2471 387 2518 Non.
