1650 2826
103 151 234 239 ,κη’
343 177 636 228 ACTUS
688 176 793 224 ιν.
846 174 954 223 sc.
1008 176 1126 223 111.
1283 193 1376 240 335

384 296 1092 336 MNESILOCHUS.

102 371 243 419 Unde
273 373 472 423 habeam
489 370 512 415 ?
548 378 770 425 mortuus
800 366 948 429 pluris
976 366 1100 428 preti
1121 366 1203 425 'st‚
1232 383 1381 429 quam

160 434 166 437 ⁵
350 459 438 508 ego
460 457 580 487 sum.

390 531 1088 569 PISTOCLBRUS.

1213 583 1380 631 Militis

106 662 329 709 Parasitus
346 660 497 708 modo
514 669 707 707 venerat
721 675 893 705 aurum
914 668 1102 720 petere:
1129 657 1241 704 hinc
1265 675 1379 705 eum

352 752 440 800 ego
471 736 587 780 meis

102 808 251 856 Dictis
267 810 400 856 malis
413 845 427 866 ,
445 809 515 855 his
537 807 716 854 foribus
738 817 885 868 atque
908 807 996 853 hac
1025 807 1179 869 repuli
1194 840 1210 865 ,
1236 806 1380 871 rejeci

349 882 616 929 hominem.

381 975 1085 1012 MNESILOCHUS.

63 1061 68 1063 ⁴
104 1044 243 1114 Quid
260 1045 381 1092 mihi
404 1046 455 1092 id
477 1045 705 1108 prodest?
724 1045 846 1106 quid
867 1044 1069 1092 faciam?
1086 1043 1206 1091 nihil
1222 1043 1378 1092 habeo

352 1121 505 1166 miser.
537 1121 616 1165 ille
645 1119 845 1181 quidem

101 1190 239 1238 Hanc
267 1191 502 1248 abducet,
530 1191 638 1236 scio.

392 1281 1087 1317 PISTOGLERUS.

387 1349 438 1397 Si
455 1351 574 1396 mihi
598 1351 681 1407 sit,
702 1366 804 1396 non
827 1351 1063 1412 polliceax.

383 1444 1090 1479 MNESILOCHUS.

1072 1504 1179 1552 Scio
1195 1539 1209 1562 ‚
1234 1505 1374 1552 dares.

102 1578 244 1624 Novi.
266 1577 349 1624 sed
371 1579 459 1624 nisi
476 1594 600 1624 ames
616 1612 630 1634 ‚
647 1593 747 1622 non
771 1576 971 1623 habeam
996 1577 1087 1623 tibi
1111 1577 1258 1623 fidem
1274 1589 1376 1624 tan-

351 1662 462 1696 tam.

104 1721 247 1767 Nunc
278 1722 415 1785 agitas
444 1733 511 1768 sat
543 1734 648 1768 tute
682 1734 875 1768 tuarum
907 1738 1097 1768 rerum:
1130 1737 1281 1786 egone
1317 1732 1373 1767 ut

354 1811 497 1855 opem
522 1796 641 1841 mihi

103 1866 240 1913 Ferre
262 1877 430 1928 putem
450 1882 590 1928 posse*
603 1869 800 1929 inopem
824 1868 908 1913 te?

393 1956 1083 2001 PISTOCLERUS.

373 2024 499 2069 Tace
517 2023 665 2068 modo
684 2043 693 2067 :
711 2023 840 2068 Deus
857 2025 1070 2084 respiciet
1086 2039 1171 2068 nos
1189 2023 1369 2083 aliquis.

383 2109 1087 2143 MNVEleocHUs.

102 2165 280 2230 Nugae.

393 2236 1088 2274 PISTOCLERUS.

231 2295 387 2341 Mane.

395 2373 1096 2412 MNESILocnUs.

361 2437 613 2507 Quidest?
