1650 2826
237 209 328 270 498
658 201 1058 252 CASINA.
1387 223 1513 265 v-Q7

621 328 647 360 c
683 328 717 361 Η
753 327 788 360 A
823 327 853 360 L
890 327 909 359 Ι
948 329 981 362 Ν
1020 329 1054 362 U
1092 327 1130 362 s.

394 397 623 460 Iniquom
651 400 731 445 ’stz
759 400 967 460 quia'isti
994 401 1273 464 priusquam
1294 403 1414 452 mihi
1433 415 1510 450 est.

656 500 679 534 s
717 502 747 535 T
782 501 817 535 A
851 502 881 535 L
918 503 940 536 1
976 504 1010 537 N
1049 504 1099 537 ο.

231 571 406 633 Accipe
437 570 559 616 hanc'
588 569 655 614 sis.

609 673 639 705 C
676 669 710 704 H
746 671 780 704 A
815 671 847 704 L
882 671 902 704 1
938 671 972 705 N
1006 671 1042 705 U
1081 671 1120 705 S.

362 744 495 791 Cedo
510 779 523 802 ,
542 759 682 789 mane
699 761 707 787 :
731 758 888 788 unum
902 744 1035 789 venit
1054 744 1104 790 in
1117 754 1331 790 mentem
1346 742 1509 791 modo.

231 819 358 868 Vide
372 853 385 877 ,
409 835 471 867 ne
503 835 600 881 qua
622 817 716 864 illic
738 818 847 863 insit
866 818 952 864 alia
974 819 1104 864 sortis
1120 819 1210 865 sub
1230 836 1366 881 aqua.

660 920 682 954 s
721 920 752 954 T
789 921 823 953 A
858 920 887 952 L
923 920 944 952 1
981 921 1013 953 N
1053 920 1100 952 o.

1273 979 1511 1038 Verbere,

229 1054 356 1100 Men'
378 1064 425 1099 te
452 1067 608 1098 censes
627 1051 754 1098 esse?
773 1053 906 1099 nulla
924 1053 990 1098 'st.
1017 1052 1140 1099 habe
1167 1053 1389 1114 quietum
1411 1053 1510 1099 ani-

480 1142 618 1171 mum
636 1123 816 1173 [modo.

616 1218 1123 1253 CHALINUS.

233 1288 386 1359 Quod
415 1289 603 1334 bonum
627 1298 773 1348 atque
801 1286 1101 1333 fortunatum
1126 1287 1184 1334 sit
1204 1287 1349 1346 mihi,
1368 1299 1509 1335 tuum

482 1377 713 1425 magnum
745 1361 941 1407 malum.
1010 1414 1016 1420 .

630 1464 1098 1498 OLYMPIO.

227 1543 339 1589 Tibi
372 1542 570 1603 quidem
605 1541 779 1605 edepol
809 1542 952 1589 credo
979 1542 1190 1593 eveniet;
1223 1541 1340 1588 novi
1362 1541 1508 1602 pieta-

489 1627 590 1662 tem
618 1627 763 1661 tuam.

230 1687 324 1734 Sed
343 1705 484 1735 mane
512 1688 630 1734 dum
648 1708 656 1733 :
683 1704 804 1734 num
832 1688 915 1732 ista
940 1698 1022 1734 aut
1044 1688 1261 1751 populna
1283 1704 1376 1734 sors
1391 1721 1404 1746 ‚
1425 1697 1506 1734 aut

478 1761 675 1825 abiegna
695 1763 748 1806 'st
767 1772 848 1806 tua
862 1762 884 1805 P
1394 1772 1397 1777 ’

611 1857 637 1889 C
674 1855 709 1890 H
743 1856 779 1890 A
814 1856 844 1889 L
879 1857 900 1890 1
936 1857 970 1890 N
1006 1857 1040 1889 U
1078 1856 1117 1890 S·

223 1929 360 2001 Quid
376 1940 432 1976 tu
460 1928 511 1975 id
534 1928 700 1976 curas?

244 2041 246 2043 ’
632 2029 666 2062 0
703 2028 732 2062 L
769 2028 803 2061 Y
839 2027 882 2061 M
917 2028 945 2062 P
984 2026 1004 2061 Ῑ
1040 2027 1089 2061 Ο.

634 2153 637 2155 ,
663 2097 795 2167 Quia
826 2097 954 2144 enim
987 2107 1184 2155 metuo,
1212 2109 1275 2142 ne
1301 2096 1352 2142 in
1378 2110 1494 2157 aqua

1015 2187 1201 2216 summa
1227 2180 1368 2217 natet.

639 2262 660 2297 s
698 2264 729 2296 T
767 2262 800 2295 A
836 2263 866 2295 L
903 2263 922 2295 1
959 2264 991 2296 N
1030 2264 1081 2303 οἱ

223 2334 386 2398 Euge:
410 2349 535 2381 cave.
567 2335 787 2399 conjicite
817 2335 961 2382 sortis.
988 2349 1118 2382 nunc
1137 2333 1263 2397 jam,
1290 2328 1459 2376 amabo
1480 2362 1494 2388 ⁷

469 2409 576 2454 huc.
604 2425 773 2457 eccere.

222 2480 352 2527 Uxor
367 2513 381 2540 ‚
411 2496 573 2542 aequa.
