1650 2826
0 127 19 193 ξ

120 197 209 233 v.1
359 147 809 228 Ac‘rus'lv.
863 176 971 225 sc.
1027 178 1130 227 1x.
1304 197 1399 244 359

499 333 826 381 SCENA
892 333 1007 380 IX.

183 462 195 475 ⁴
256 483 747 521 cHRYSALvs,
788 484 1264 521 Nrcossvzvs.

466 605 1043 641 CHRYSALUS.

113 679 452 791 ATRiDAE
491 741 591 788 duo
623 741 778 788 fratres
816 743 979 788 cluent
1019 742 1176 790 fecisse
1211 744 1391 793 facinus

364 830 649 860 maxumum
674 834 683 860 :
764 825 766 829 ’
847 821 851 823 ’
876 805 912 861 9

47 875 50 878 ⁴
115 886 284 954 Quom
315 885 486 931 Priami
516 882 714 947 patriam
740 886 1047 953 Pergamum,
1073 887 1231 934 divina
1256 905 1391 935 moe-

0 1966 11 1995 ἱ,

0 2171 10 2246 ÷

365 957 524 1002 nitum
552 973 698 1003 manu
714 992 728 1015 ‚

115 1027 268 1075 Armis
287 1063 301 1086 ‚
322 1029 482 1090 equi5‚
504 1030 710 1076 exercitu
724 1065 738 1087 ‚
763 1041 910 1092 atque
944 1032 1123 1077 eximiis
1153 1032 1391 1080 bellatori-

363 1101 478 1157 bus,

119 1174 372 1219 Millenurn
404 1191 607 1220 numero
638 1176 857 1233 navium,
889 1176 1095 1223 decumo
1126 1195 1252 1225 anno
1282 1191 1392 1241 post

365 1245 664 1308 subegerunt.

116 1318 231 1363 Non
265 1317 445 1363 Pelides
481 1320 718 1364 termento
752 1319 843 1365 fuit
862 1354 876 1376 ‚
908 1335 1075 1382 praeut
1100 1341 1189 1388 ego
1219 1326 1390 1371 herum

368 1392 651 1456 expugnabo
684 1409 878 1450 meum,
942 1440 947 1442 .

116 1470 227 1517 Sine
262 1472 426 1525 classe,
452 1470 648 1530 sineque
680 1472 886 1517 exercitu
905 1507 919 1530 ‚
949 1484 997 1519 et
1018 1484 1152 1520 tanto
1184 1492 1388 1524 numero

368 1541 591 1586 militum.
665 1552 672 1557 ’

115 1612 232 1672 Cepi
245 1605 265 1668 ,⁴
284 1613 551 1676 expugnavi
569 1615 745 1661 amanti
762 1616 896 1676 herili
916 1618 1014 1664 filio
1033 1636 1203 1667 aurum
1222 1622 1282 1668 ab
1301 1640 1388 1670 suo

365 1696 509 1746 patre.

112 1758 255 1803 Nunc
282 1758 557 1818 priusquam
584 1759 681 1806 huc
705 1778 848 1808 senex
875 1765 1007 1812 venit
1024 1801 1037 1823 ‚
1053 1766 1181 1826 libet
1207 1751 1387 1816 lamen-

364 1830 481 1887 tari,
514 1831 631 1877 dum
659 1847 820 1880 exeat:

113 1904 161 1948 Ο
180 1903 346 1948 Troia!
375 1919 405 1948 o
423 1905 591 1964 patria!
614 1923 643 1951 o
665 1908 970 1972 Pergamum!
995 1928 1024 1957 ο
1043 1913 1246 1958 Priame!
1267 1914 1386 1975 peri-

365 1990 439 2022 isti
452 2012 467 2034 ,
499 1995 642 2024 senex
657 2015 671 2037 ,

111 2049 212 2119 Qui
242 2050 407 2095 misere
434 2052 556 2097 male
588 2055 859 2123 mulcabere
891 2055 1245 2120 quadringentis
1274 2060 1385 2106 Phi-

363 2122 501 2184 lippis
536 2126 695 2171 aureis.

109 2192 233 2238 Nam
271 2209 357 2256 ego
392 2195 471 2239 has
510 2196 699 2243 tabellas
737 2197 995 2261 obsignatas
1013 2234 1027 2257 ,
1062 2201 1346 2266 consignatas
1369 2239 1384 2262 ‚

362 2282 477 2326 quas
508 2267 606 2314 fero
627 2304 641 2326 ‚

42 2366 49 2373 ·
113 2345 227 2391 Non
243 2358 352 2393 sunt
367 2349 562 2395 tabellae
577 2385 590 2407 ,
610 2352 692 2397 sed
708 2369 859 2415 equus
870 2389 885 2411 ‚
903 2371 1049 2416 quem
1064 2358 1228 2404 misere
1246 2357 1386 2412 Achi-

345 2420 413 2471 „vi
440 2421 665 2485 ligneum.

1079 2483 1178 2563 2'4
