<?xml version="1.0" encoding="UTF-8"?>
<!DOCTYPE html PUBLIC "-//W3C//DTD XHTML 1.0 Transitional//EN"
    "http://www.w3.org/TR/xhtml1/DTD/xhtml1-transitional.dtd">
<html xmlns="http://www.w3.org/1999/xhtml" xml:lang="en" lang="en">
 <head>
  <title>
</title>
<meta http-equiv="Content-Type" content="text/html;charset=utf-8" />
  <meta name='ocr-system' content='tesseract 3.04.00' />
  <meta name='ocr-capabilities' content='ocr_page ocr_carea ocr_par ocr_line ocrx_word'/>
</head>
<body>
  <div class='ocr_page' id='page_1' title='image "./comoediaesuperst01plauuoft_0024.png"; bbox 0 0 1650 2826; ppageno 0'>
   <div class='ocr_carea' id='block_1_1' title="bbox 218 183 1278 258">
    <p class='ocr_par' dir='ltr' id='par_1_1' title="bbox 218 183 1278 258">
     <span class='ocr_line' id='line_1_1' title="bbox 218 183 1278 258; baseline 0.002 -24"><span class='ocrx_word' id='word_1_1' title='bbox 218 192 373 235; x_wconf 79' lang='lat' dir='ltr'><em>xvm</em></span> <span class='ocrx_word' id='word_1_2' title='bbox 515 185 579 232; x_wconf 88' lang='lat' dir='ltr'><em>M.</em></span> <span class='ocrx_word' id='word_1_3' title='bbox 645 183 849 234; x_wconf 66' lang='lat' dir='ltr'><em>Ace!</em></span> <span class='ocrx_word' id='word_1_4' title='bbox 906 184 1278 258; x_wconf 54' lang='lat' dir='ltr'><em>PLAUTJJ</em></span> 
     </span>
    </p>
   </div>
   <div class='ocr_carea' id='block_1_2' title="bbox 199 294 1496 2432">
    <p class='ocr_par' dir='ltr' id='par_1_2' title="bbox 412 294 1496 426">
     <span class='ocr_line' id='line_1_2' title="bbox 412 294 1496 360; baseline 0.002 -18"><span class='ocrx_word' id='word_1_5' title='bbox 412 294 619 359; x_wconf 82' lang='lat' dir='ltr'><em>mulisque</em></span> <span class='ocrx_word' id='word_1_6' title='bbox 649 295 866 358; x_wconf 78' lang='lat' dir='ltr'><em>loquendi,</em></span> <span class='ocrx_word' id='word_1_7' title='bbox 892 307 1020 360; x_wconf 79' lang='lat' dir='ltr'><em>atque</em></span> <span class='ocrx_word' id='word_1_8' title='bbox 1049 297 1312 347; x_wconf 86' lang='lat' dir='ltr'><em>Graecarum</em></span> <span class='ocrx_word' id='word_1_9' title='bbox 1339 308 1383 344; x_wconf 83' lang='lat' dir='ltr'><em>et</em></span> <span class='ocrx_word' id='word_1_10' title='bbox 1405 297 1496 344; x_wconf 76' lang='lat' dir='ltr'><em>La-</em></span> 
     </span>
     <span class='ocr_line' id='line_1_3' title="bbox 413 360 1496 426; baseline 0.001 -18"><span class='ocrx_word' id='word_1_11' title='bbox 413 363 604 408; x_wconf 83' lang='lat' dir='ltr'><em>tinarum</em></span> <span class='ocrx_word' id='word_1_12' title='bbox 635 360 865 407; x_wconf 79' lang='lat' dir='ltr'><em>dictionum</em></span> <span class='ocrx_word' id='word_1_13' title='bbox 893 364 1251 426; x_wconf 79' lang='lat' dir='ltr'><em>interpretatione.</em></span> <span class='ocrx_word' id='word_1_14' title='bbox 1294 363 1496 414; x_wconf 73' lang='lat' dir='ltr'><em>Basilecoe</em></span> 
     </span>
    </p>

    <p class='ocr_par' dir='ltr' id='par_1_3' title="bbox 210 424 1386 487">
     <span class='ocr_line' id='line_1_4' title="bbox 210 424 1386 487; baseline -0.001 -14"><span class='ocrx_word' id='word_1_15' title='bbox 210 447 216 450; x_wconf 90' lang='lat'><em>·</em></span> <span class='ocrx_word' id='word_1_16' title='bbox 412 443 466 473; x_wconf 88' lang='lat' dir='ltr'><em>ex</em></span> <span class='ocrx_word' id='word_1_17' title='bbox 492 426 664 487; x_wconf 78' lang='lat' dir='ltr'><em>officina</em></span> <span class='ocrx_word' id='word_1_18' title='bbox 689 424 761 486; x_wconf 89' lang='lat' dir='ltr'><em>Jo.</em></span> <span class='ocrx_word' id='word_1_19' title='bbox 780 424 1006 487; x_wconf 82' lang='lat' dir='ltr'><em>Hervagii.</em></span> <span class='ocrx_word' id='word_1_20' title='bbox 1026 445 1093 472; x_wconf 93' lang='lat' dir='ltr'><em>an.</em></span> <span class='ocrx_word' id='word_1_21' title='bbox 1110 427 1386 474; x_wconf 83' lang='lat' dir='ltr'><em>MDXXXV.</em></span> 
     </span>
    </p>

    <p class='ocr_par' dir='ltr' id='par_1_4' title="bbox 212 489 1496 1203">
     <span class='ocr_line' id='line_1_5' title="bbox 212 489 1496 553; baseline 0.002 -17"><span class='ocrx_word' id='word_1_22' title='bbox 212 511 377 543; x_wconf 65' lang='lat' dir='ltr'>b—--</span> <span class='ocrx_word' id='word_1_23' title='bbox 410 489 724 552; x_wconf 80' lang='lat' dir='ltr'><em>Magdeburgi,</em></span> <span class='ocrx_word' id='word_1_24' title='bbox 759 491 798 535; x_wconf 90' lang='lat'><em>8.</em></span> <span class='ocrx_word' id='word_1_25' title='bbox 830 491 984 536; x_wconf 83' lang='lat' dir='ltr'><em>Plauti</em></span> <span class='ocrx_word' id='word_1_26' title='bbox 1019 492 1082 536; x_wconf 90' lang='lat' dir='ltr'><em>VI</em></span> <span class='ocrx_word' id='word_1_27' title='bbox 1111 492 1353 537; x_wconf 82' lang='lat' dir='ltr'><em>Comoediae</em></span> <span class='ocrx_word' id='word_1_28' title='bbox 1383 492 1496 553; x_wconf 89' lang='lat' dir='ltr'>(Ca-</span> 
     </span>
     <span class='ocr_line' id='line_1_6' title="bbox 407 555 1495 620; baseline 0.001 -18"><span class='ocrx_word' id='word_1_29' title='bbox 407 556 526 620; x_wconf 83' lang='lat' dir='ltr'><em>ptivi</em></span> <span class='ocrx_word' id='word_1_30' title='bbox 542 591 554 613; x_wconf 90' lang='lat'>‚</span> <span class='ocrx_word' id='word_1_31' title='bbox 581 555 820 600; x_wconf 82' lang='lat' dir='ltr'>Aulularia</span> <span class='ocrx_word' id='word_1_32' title='bbox 833 589 846 612; x_wconf 83' lang='lat'>‚</span> <span class='ocrx_word' id='word_1_33' title='bbox 866 555 1000 601; x_wconf 80' lang='lat' dir='ltr'>Miles</span> <span class='ocrx_word' id='word_1_34' title='bbox 1014 590 1027 613; x_wconf 83' lang='lat'>,</span> <span class='ocrx_word' id='word_1_35' title='bbox 1046 556 1372 613; x_wconf 85' lang='lat' dir='ltr'><em>Menaechmi,</em></span> <span class='ocrx_word' id='word_1_36' title='bbox 1391 558 1495 603; x_wconf 90' lang='grc' dir='ltr'><em>Μο-</em></span> 
     </span>
     <span class='ocr_line' id='line_1_7' title="bbox 408 620 1494 683; baseline 0 -16"><span class='ocrx_word' id='word_1_37' title='bbox 408 620 606 668; x_wconf 82' lang='lat' dir='ltr'>stellaria</span> <span class='ocrx_word' id='word_1_38' title='bbox 630 630 677 665; x_wconf 87' lang='lat' dir='ltr'><em>et</em></span> <span class='ocrx_word' id='word_1_39' title='bbox 704 621 1040 683; x_wconf 85' lang='lat' dir='ltr'><em>Trinummus)</em></span> <span class='ocrx_word' id='word_1_40' title='bbox 1075 621 1318 667; x_wconf 83' lang='lat' dir='ltr'><em>emendatae</em></span> <span class='ocrx_word' id='word_1_41' title='bbox 1348 635 1389 667; x_wconf 83' lang='lat' dir='ltr'><em>et</em></span> <span class='ocrx_word' id='word_1_42' title='bbox 1410 640 1494 667; x_wconf 81' lang='lat' dir='ltr'><em>nu-</em></span> 
     </span>
     <span class='ocr_line' id='line_1_8' title="bbox 408 686 1493 750; baseline -0.003 -16"><span class='ocrx_word' id='word_1_43' title='bbox 408 688 539 734; x_wconf 85' lang='lat' dir='ltr'><em>meris</em></span> <span class='ocrx_word' id='word_1_44' title='bbox 570 686 820 732; x_wconf 86' lang='lat' dir='ltr'><em>restitutae;</em></span> <span class='ocrx_word' id='word_1_45' title='bbox 865 686 1009 731; x_wconf 83' lang='lat' dir='ltr'><em>edente</em></span> <span class='ocrx_word' id='word_1_46' title='bbox 1043 686 1247 749; x_wconf 89' lang='lat' dir='ltr'><em>Georgio</em></span> <span class='ocrx_word' id='word_1_47' title='bbox 1284 686 1493 750; x_wconf 88' lang='lat' dir='ltr'><em>Majore‚</em></span> 
     </span>
     <span class='ocr_line' id='line_1_9' title="bbox 411 749 1495 815; baseline -0.001 -19"><span class='ocrx_word' id='word_1_48' title='bbox 411 752 630 812; x_wconf 86' lang='lat' dir='ltr'><em>(Rectore</em></span> <span class='ocrx_word' id='word_1_49' title='bbox 648 760 755 795; x_wconf 88' lang='lat' dir='ltr'><em>tum</em></span> <span class='ocrx_word' id='word_1_50' title='bbox 769 749 1198 815; x_wconf 83' lang='lat' dir='ltr'><em>Magdeburgensi.)</em></span> <span class='ocrx_word' id='word_1_51' title='bbox 1215 750 1282 796; x_wconf 90' lang='lat' dir='ltr'><em>Cf.</em></span> <span class='ocrx_word' id='word_1_52' title='bbox 1298 751 1495 796; x_wconf 87' lang='lat' dir='ltr'>Fabricii</span> 
     </span>
     <span class='ocr_line' id='line_1_10' title="bbox 406 814 1492 877; baseline -0.001 -15"><span class='ocrx_word' id='word_1_53' title='bbox 406 816 460 863; x_wconf 92' lang='grc' dir='ltr'><em>Β.</em></span> <span class='ocrx_word' id='word_1_54' title='bbox 483 815 535 861; x_wconf 92' lang='lat' dir='ltr'><em>L.</em></span> <span class='ocrx_word' id='word_1_55' title='bbox 557 814 630 860; x_wconf 89' lang='lat' dir='ltr'><em>ed.</em></span> <span class='ocrx_word' id='word_1_56' title='bbox 657 828 771 868; x_wconf 75' lang='lat'>1721</span> <span class='ocrx_word' id='word_1_57' title='bbox 805 815 912 860; x_wconf 91' lang='lat' dir='ltr'><em>Vol.</em></span> <span class='ocrx_word' id='word_1_58' title='bbox 933 815 976 877; x_wconf 85' lang='grc' dir='ltr'>Π</span> <span class='ocrx_word' id='word_1_59' title='bbox 995 849 1007 871; x_wconf 88' lang='grc'>,</span> <span class='ocrx_word' id='word_1_60' title='bbox 1035 832 1083 876; x_wconf 92' lang='lat' dir='ltr'><em>p.</em></span> <span class='ocrx_word' id='word_1_61' title='bbox 1115 830 1184 860; x_wconf 89' lang='lat'><em>11.</em></span> <span class='ocrx_word' id='word_1_62' title='bbox 1214 816 1376 876; x_wconf 87' lang='lat' dir='ltr'><em>Atque</em></span> <span class='ocrx_word' id='word_1_63' title='bbox 1404 817 1492 861; x_wconf 87' lang='lat' dir='ltr'><em>hae</em></span> 
     </span>
     <span class='ocr_line' id='line_1_11' title="bbox 405 879 1489 941; baseline -0.001 -14"><span class='ocrx_word' id='word_1_64' title='bbox 405 891 518 928; x_wconf 86' lang='lat' dir='ltr'><em>sunt</em></span> <span class='ocrx_word' id='word_1_65' title='bbox 535 879 723 925; x_wconf 87' lang='lat' dir='ltr'><em>fabulae</em></span> <span class='ocrx_word' id='word_1_66' title='bbox 742 880 847 925; x_wconf 85' lang='lat' dir='ltr'><em>illae</em></span> <span class='ocrx_word' id='word_1_67' title='bbox 865 879 951 936; x_wconf 70' lang='lat' dir='ltr'><em>VI,</em></span> <span class='ocrx_word' id='word_1_68' title='bbox 973 896 1086 939; x_wconf 87' lang='lat' dir='ltr'><em>quas</em></span> <span class='ocrx_word' id='word_1_69' title='bbox 1101 881 1198 941; x_wconf 89' lang='lat' dir='ltr'><em>ipse</em></span> <span class='ocrx_word' id='word_1_70' title='bbox 1210 880 1370 938; x_wconf 83' lang='lat' dir='ltr'><em>Joach.</em></span> <span class='ocrx_word' id='word_1_71' title='bbox 1390 880 1489 926; x_wconf 81' lang='lat' dir='ltr'><em>CA-</em></span> 
     </span>
     <span class='ocr_line' id='line_1_12' title="bbox 407 944 1489 1005; baseline -0.002 -13"><span class='ocrx_word' id='word_1_72' title='bbox 407 956 688 993; x_wconf 83' lang='lat' dir='ltr'>MERARIUS</span> <span class='ocrx_word' id='word_1_73' title='bbox 712 944 765 989; x_wconf 86' lang='lat' dir='ltr'><em>in</em></span> <span class='ocrx_word' id='word_1_74' title='bbox 785 945 915 1005; x_wconf 83' lang='lat' dir='ltr'><em>epist.</em></span> <span class='ocrx_word' id='word_1_75' title='bbox 937 944 1218 990; x_wconf 82' lang='lat' dir='ltr'><em>dedicatoria</em></span> <span class='ocrx_word' id='word_1_76' title='bbox 1244 945 1489 994; x_wconf 16' lang='lat' dir='ltr'><em>advFranc.</em></span> 
     </span>
     <span class='ocr_line' id='line_1_13' title="bbox 408 1009 1485 1070; baseline -0.003 -14"><span class='ocrx_word' id='word_1_77' title='bbox 408 1009 704 1056; x_wconf 82' lang='lat' dir='ltr'><em>Crammium</em></span> <span class='ocrx_word' id='word_1_78' title='bbox 735 1009 980 1070; x_wconf 87' lang='lat' dir='ltr'><em>praemissa</em></span> <span class='ocrx_word' id='word_1_79' title='bbox 997 1009 1065 1055; x_wconf 87' lang='lat' dir='ltr'><em>VI</em></span> <span class='ocrx_word' id='word_1_80' title='bbox 1090 1009 1185 1054; x_wconf 85' lang='lat' dir='ltr'><em>aliis</em></span> <span class='ocrx_word' id='word_1_81' title='bbox 1212 1009 1340 1056; x_wconf 84' lang='lat' dir='ltr'>sabb.</span> <span class='ocrx_word' id='word_1_82' title='bbox 1367 1024 1384 1053; x_wconf 91' lang='lat'>1</span> <span class='ocrx_word' id='word_1_83' title='bbox 1394 1026 1451 1067; x_wconf 83' lang='lat'><em>54</em></span> <span class='ocrx_word' id='word_1_84' title='bbox 1459 1026 1485 1068; x_wconf 83' lang='lat'><em>5</em></span> 
     </span>
     <span class='ocr_line' id='line_1_14' title="bbox 408 1074 1490 1134; baseline -0.003 -13"><span class='ocrx_word' id='word_1_85' title='bbox 408 1075 523 1121; x_wconf 84' lang='lat' dir='ltr'><em>dicit</em></span> <span class='ocrx_word' id='word_1_86' title='bbox 537 1108 550 1131; x_wconf 85' lang='lat'><strong><em>‚</em></strong></span> <span class='ocrx_word' id='word_1_87' title='bbox 571 1083 680 1120; x_wconf 89' lang='lat' dir='ltr'><em>ante</em></span> <span class='ocrx_word' id='word_1_88' title='bbox 703 1074 887 1134; x_wconf 85' lang='lat' dir='ltr'><em>aliquot</em></span> <span class='ocrx_word' id='word_1_89' title='bbox 904 1088 1049 1119; x_wconf 89' lang='lat' dir='ltr'><em>annos</em></span> <span class='ocrx_word' id='word_1_90' title='bbox 1073 1090 1119 1119; x_wconf 91' lang='lat' dir='ltr'><em>se</em></span> <span class='ocrx_word' id='word_1_91' title='bbox 1136 1074 1373 1120; x_wconf 86' lang='lat' dir='ltr'><em>nesciente</em></span> <span class='ocrx_word' id='word_1_92' title='bbox 1392 1074 1490 1119; x_wconf 90' lang='lat' dir='ltr'><em>edi-</em></span> 
     </span>
     <span class='ocr_line' id='line_1_15' title="bbox 405 1138 1489 1203; baseline -0.002 -16"><span class='ocrx_word' id='word_1_93' title='bbox 405 1152 474 1187; x_wconf 84' lang='lat' dir='ltr'><em>tas</em></span> <span class='ocrx_word' id='word_1_94' title='bbox 504 1156 530 1185; x_wconf 86' lang='lat' dir='ltr'>a</span> <span class='ocrx_word' id='word_1_95' title='bbox 554 1155 600 1184; x_wconf 87' lang='lat' dir='ltr'><em>se</em></span> <span class='ocrx_word' id='word_1_96' title='bbox 626 1138 895 1184; x_wconf 84' lang='lat' dir='ltr'><em>emendatas</em></span> <span class='ocrx_word' id='word_1_97' title='bbox 912 1172 925 1195; x_wconf 83' lang='lat'>,</span> <span class='ocrx_word' id='word_1_98' title='bbox 954 1139 1036 1184; x_wconf 81' lang='lat' dir='ltr'><em>sed</em></span> <span class='ocrx_word' id='word_1_99' title='bbox 1065 1139 1227 1185; x_wconf 89' lang='lat' dir='ltr'><em>denuo</em></span> <span class='ocrx_word' id='word_1_100' title='bbox 1259 1155 1489 1203; x_wconf 82' lang='lat' dir='ltr'><em>recogno-</em></span> 
     </span>
    </p>

    <p class='ocr_par' dir='ltr' id='par_1_5' title="bbox 199 1203 1184 1262">
     <span class='ocr_line' id='line_1_16' title="bbox 199 1203 1184 1262; baseline -0.003 -11"><span class='ocrx_word' id='word_1_101' title='bbox 199 1224 202 1227; x_wconf 88' lang='lat'>·</span> <span class='ocrx_word' id='word_1_102' title='bbox 406 1204 619 1254; x_wconf 75' lang='lat' dir='ltr'><em>scenda83</em></span> <span class='ocrx_word' id='word_1_103' title='bbox 651 1203 711 1249; x_wconf 88' lang='lat' dir='ltr'><em>cf.</em></span> <span class='ocrx_word' id='word_1_104' title='bbox 735 1203 854 1249; x_wconf 82' lang='lat' dir='ltr'>infra</span> <span class='ocrx_word' id='word_1_105' title='bbox 878 1203 936 1248; x_wconf 85' lang='lat' dir='ltr'><em>ad</em></span> <span class='ocrx_word' id='word_1_106' title='bbox 957 1219 1028 1250; x_wconf 86' lang='lat' dir='ltr'><em>an.</em></span> <span class='ocrx_word' id='word_1_107' title='bbox 1051 1219 1184 1262; x_wconf 75' lang='lat'><em>1545.</em></span> 
     </span>
    </p>

    <p class='ocr_par' dir='ltr' id='par_1_6' title="bbox 201 1269 1489 1461">
     <span class='ocr_line' id='line_1_17' title="bbox 201 1269 1489 1333; baseline -0.002 -16"><span class='ocrx_word' id='word_1_108' title='bbox 201 1282 334 1333; x_wconf 75' lang='lat'>‘1537</span> <span class='ocrx_word' id='word_1_109' title='bbox 405 1269 637 1331; x_wconf 81' lang='lat' dir='ltr'><em>Lugduni,</em></span> <span class='ocrx_word' id='word_1_110' title='bbox 669 1270 709 1314; x_wconf 89' lang='lat'><em>8.</em></span> <span class='ocrx_word' id='word_1_111' title='bbox 728 1269 789 1314; x_wconf 92' lang='lat' dir='ltr'><em>M.</em></span> <span class='ocrx_word' id='word_1_112' title='bbox 812 1269 935 1314; x_wconf 85' lang='lat' dir='ltr'><em>Accii</em></span> <span class='ocrx_word' id='word_1_113' title='bbox 960 1269 1114 1314; x_wconf 87' lang='lat' dir='ltr'><em>Plauti</em></span> <span class='ocrx_word' id='word_1_114' title='bbox 1149 1269 1390 1314; x_wconf 86' lang='lat' dir='ltr'><em>Comoediae</em></span> <span class='ocrx_word' id='word_1_115' title='bbox 1421 1271 1489 1315; x_wconf 81' lang='lat' dir='ltr'><em>vi-</em></span> 
     </span>
     <span class='ocr_line' id='line_1_18' title="bbox 400 1333 1487 1399; baseline -0.003 -18"><span class='ocrx_word' id='word_1_116' title='bbox 400 1336 530 1396; x_wconf 86' lang='lat' dir='ltr'><em>ginti.</em></span> <span class='ocrx_word' id='word_1_117' title='bbox 564 1333 798 1395; x_wconf 83' lang='lat' dir='ltr'><em>Lugduni,</em></span> <span class='ocrx_word' id='word_1_118' title='bbox 833 1334 949 1399; x_wconf 77' lang='lat' dir='ltr'><em>apud</em></span> <span class='ocrx_word' id='word_1_119' title='bbox 977 1335 1068 1380; x_wconf 85' lang='lat' dir='ltr'><em>Seb.</em></span> <span class='ocrx_word' id='word_1_120' title='bbox 1101 1333 1343 1399; x_wconf 76' lang='lat' dir='ltr'><em>Gryphium.</em></span> <span class='ocrx_word' id='word_1_121' title='bbox 1381 1333 1487 1380; x_wconf 87' lang='lat' dir='ltr'><em>Vid.</em></span> 
     </span>
     <span class='ocr_line' id='line_1_19' title="bbox 407 1398 1487 1461; baseline -0.003 -16"><span class='ocrx_word' id='word_1_122' title='bbox 407 1399 664 1461; x_wconf 85' lang='lat' dir='ltr'><em>Catalogue</em></span> <span class='ocrx_word' id='word_1_123' title='bbox 694 1398 753 1444; x_wconf 87' lang='lat' dir='ltr'><em>de</em></span> <span class='ocrx_word' id='word_1_124' title='bbox 772 1398 1043 1456; x_wconf 80' lang='lat' dir='ltr'><em>Crevenna‚</em></span> <span class='ocrx_word' id='word_1_125' title='bbox 1067 1399 1176 1445; x_wconf 90' lang='lat' dir='ltr'><em>Vol.</em></span> <span class='ocrx_word' id='word_1_126' title='bbox 1195 1399 1288 1455; x_wconf 84' lang='grc' dir='ltr'>ΙΙΙ,</span> <span class='ocrx_word' id='word_1_127' title='bbox 1313 1415 1359 1459; x_wconf 92' lang='lat' dir='ltr'><em>p.</em></span> <span class='ocrx_word' id='word_1_128' title='bbox 1386 1399 1439 1443; x_wconf 87' lang='lat'><em>16</em></span> <span class='ocrx_word' id='word_1_129' title='bbox 1446 1415 1487 1456; x_wconf 81' lang='lat'><em>5.</em></span> 
     </span>
    </p>

    <p class='ocr_par' dir='ltr' id='par_1_7' title="bbox 205 1462 1486 1642">
     <span class='ocr_line' id='line_1_20' title="bbox 205 1462 1485 1528; baseline -0.005 -14"><span class='ocrx_word' id='word_1_130' title='bbox 205 1486 371 1514; x_wconf 68' lang='lat'>1-——</span> <span class='ocrx_word' id='word_1_131' title='bbox 404 1465 688 1528; x_wconf 77' lang='lat' dir='ltr'><em>Antverp&#39;iae,</em></span> <span class='ocrx_word' id='word_1_132' title='bbox 720 1464 760 1508; x_wconf 89' lang='lat'><em>8.</em></span> <span class='ocrx_word' id='word_1_133' title='bbox 792 1462 945 1509; x_wconf 83' lang='lat' dir='ltr'><em>Plauti</em></span> <span class='ocrx_word' id='word_1_134' title='bbox 972 1464 1213 1510; x_wconf 81' lang='lat' dir='ltr'><em>Aulularia</em></span> <span class='ocrx_word' id='word_1_135' title='bbox 1234 1479 1345 1509; x_wconf 87' lang='lat' dir='ltr'><em>cum</em></span> <span class='ocrx_word' id='word_1_136' title='bbox 1375 1480 1485 1524; x_wconf 90' lang='lat' dir='ltr'>sup-</span> 
     </span>
     <span class='ocr_line' id='line_1_21' title="bbox 404 1528 1486 1593; baseline -0.001 -17"><span class='ocrx_word' id='word_1_137' title='bbox 404 1531 653 1593; x_wconf 84' lang='lat' dir='ltr'><em>plemento</em></span> <span class='ocrx_word' id='word_1_138' title='bbox 684 1528 813 1574; x_wconf 84' lang='lat' dir='ltr'><em>Urcei</em></span> <span class='ocrx_word' id='word_1_139' title='bbox 840 1539 887 1574; x_wconf 85' lang='lat' dir='ltr'><em>et</em></span> <span class='ocrx_word' id='word_1_140' title='bbox 908 1530 1055 1574; x_wconf 78' lang='lat' dir='ltr'><em>altero</em></span> <span class='ocrx_word' id='word_1_141' title='bbox 1082 1529 1296 1592; x_wconf 87' lang='lat' dir='ltr'>longiore</span> <span class='ocrx_word' id='word_1_142' title='bbox 1324 1528 1486 1575; x_wconf 71' lang='lat' dir='ltr'><em>Mani-</em></span> 
     </span>
     <span class='ocr_line' id='line_1_22' title="bbox 400 1590 822 1642; baseline -0.007 -1"><span class='ocrx_word' id='word_1_143' title='bbox 400 1595 454 1642; x_wconf 85' lang='lat' dir='ltr'><em>ni</em></span> <span class='ocrx_word' id='word_1_144' title='bbox 469 1594 566 1640; x_wconf 92' lang='lat' dir='ltr'><em>Dor</em></span> <span class='ocrx_word' id='word_1_145' title='bbox 594 1596 636 1639; x_wconf 89' lang='lat' dir='ltr'><em>ii.</em></span> <span class='ocrx_word' id='word_1_146' title='bbox 815 1590 822 1600; x_wconf 53' lang='lat'><em>‘⁴</em></span> 
     </span>
    </p>

    <p class='ocr_par' dir='ltr' id='par_1_8' title="bbox 210 1612 1486 2432">
     <span class='ocr_line' id='line_1_23' title="bbox 210 1612 1486 1720; baseline -0.002 -15"><span class='ocrx_word' id='word_1_147' title='bbox 210 1672 234 1705; x_wconf 88' lang='lat'>1</span> <span class='ocrx_word' id='word_1_148' title='bbox 242 1675 268 1720; x_wconf 81' lang='grc'><em>5</em></span> <span class='ocrx_word' id='word_1_149' title='bbox 275 1658 334 1720; x_wconf 82' lang='lat'><em>38</em></span> <span class='ocrx_word' id='word_1_150' title='bbox 407 1612 633 1707; x_wconf 51' lang='lat' dir='ltr'><em>Colonife,</em></span> <span class='ocrx_word' id='word_1_151' title='bbox 661 1659 700 1703; x_wconf 90' lang='lat'><em>8.</em></span> <span class='ocrx_word' id='word_1_152' title='bbox 729 1656 791 1703; x_wconf 89' lang='lat' dir='ltr'><em>M.</em></span> <span class='ocrx_word' id='word_1_153' title='bbox 813 1658 937 1704; x_wconf 62' lang='lat' dir='ltr'><em>Accii</em></span> <span class='ocrx_word' id='word_1_154' title='bbox 963 1658 1118 1705; x_wconf 88' lang='lat' dir='ltr'><em>Plauti</em></span> <span class='ocrx_word' id='word_1_155' title='bbox 1135 1658 1377 1705; x_wconf 85' lang='lat' dir='ltr'><em>Sarsinatis</em></span> <span class='ocrx_word' id='word_1_156' title='bbox 1404 1657 1486 1704; x_wconf 90' lang='lat' dir='ltr'><em>Co·-</em></span> 
     </span>
     <span class='ocr_line' id='line_1_24' title="bbox 403 1722 1484 1787; baseline 0 -17"><span class='ocrx_word' id='word_1_157' title='bbox 403 1726 507 1770; x_wconf 88' lang='lat' dir='ltr'><em>micz&#39;</em></span> <span class='ocrx_word' id='word_1_158' title='bbox 527 1723 804 1787; x_wconf 83' lang='lat' dir='ltr'><em>festivissimi</em></span> <span class='ocrx_word' id='word_1_159' title='bbox 836 1723 1080 1769; x_wconf 86' lang='lat' dir='ltr'><em>Comoediae</em></span> <span class='ocrx_word' id='word_1_160' title='bbox 1104 1722 1197 1768; x_wconf 92' lang='lat' dir='ltr'><em>XX</em></span> <span class='ocrx_word' id='word_1_161' title='bbox 1215 1736 1316 1787; x_wconf 83' lang='lat' dir='ltr'><em>post</em></span> <span class='ocrx_word' id='word_1_162' title='bbox 1344 1738 1484 1770; x_wconf 83' lang='lat' dir='ltr'><em>omnes</em></span> 
     </span>
     <span class='ocr_line' id='line_1_25' title="bbox 400 1786 1481 1848; baseline -0.002 -14"><span class='ocrx_word' id='word_1_163' title='bbox 400 1790 588 1834; x_wconf 82' lang='lat' dir='ltr'><em>omnium</em></span> <span class='ocrx_word' id='word_1_164' title='bbox 621 1786 848 1832; x_wconf 83' lang='lat' dir='ltr'><em>aeditiones</em></span> <span class='ocrx_word' id='word_1_165' title='bbox 879 1789 1196 1843; x_wconf 58' lang='lat' dir='ltr'><em>accuratissime</em></span> <span class='ocrx_word' id='word_1_166' title='bbox 1227 1789 1481 1848; x_wconf 80' lang='lat' dir='ltr'><em>recognitae.</em></span> 
     </span>
     <span class='ocr_line' id='line_1_26' title="bbox 401 1851 1483 1913; baseline -0.004 -13"><span class='ocrx_word' id='word_1_167' title='bbox 401 1853 583 1900; x_wconf 87' lang='lat' dir='ltr'><em>Praeter</em></span> <span class='ocrx_word' id='word_1_168' title='bbox 593 1852 777 1913; x_wconf 82' lang='lat' dir='ltr'><em>reliquas</em></span> <span class='ocrx_word' id='word_1_169' title='bbox 796 1851 1110 1897; x_wconf 84' lang='lat' dir='ltr'><em>commoditates</em></span> <span class='ocrx_word' id='word_1_170' title='bbox 1127 1851 1253 1896; x_wconf 81' lang='lat' dir='ltr'><em>habes</em></span> <span class='ocrx_word' id='word_1_171' title='bbox 1266 1852 1338 1896; x_wconf 76' lang='lat' dir='ltr'><em>hic</em></span> <span class='ocrx_word' id='word_1_172' title='bbox 1352 1851 1483 1897; x_wconf 86' lang='lat' dir='ltr'><em>lector</em></span> 
     </span>
     <span class='ocr_line' id='line_1_27' title="bbox 401 1914 1481 1980; baseline -0.003 -16"><span class='ocrx_word' id='word_1_173' title='bbox 401 1935 426 1964; x_wconf 89' lang='grc' dir='ltr'><em>ο</em></span> <span class='ocrx_word' id='word_1_174' title='bbox 458 1919 556 1963; x_wconf 88' lang='lat' dir='ltr'><em>time</em></span> <span class='ocrx_word' id='word_1_175' title='bbox 580 1917 874 1962; x_wconf 88' lang='lat' dir='ltr'><em>annotationes</em></span> <span class='ocrx_word' id='word_1_176' title='bbox 902 1917 945 1961; x_wconf 87' lang='lat' dir='ltr'><em>in</em></span> <span class='ocrx_word' id='word_1_177' title='bbox 974 1933 1112 1962; x_wconf 87' lang='lat' dir='ltr'><em>omnes</em></span> <span class='ocrx_word' id='word_1_178' title='bbox 1139 1914 1379 1961; x_wconf 86' lang='lat' dir='ltr'><em>Comoedias</em></span> <span class='ocrx_word' id='word_1_179' title='bbox 1399 1933 1481 1980; x_wconf 84' lang='lat' dir='ltr'><em>per</em></span> 
     </span>
     <span class='ocr_line' id='line_1_28' title="bbox 400 1936 1480 2048; baseline -0.004 -19"><span class='ocrx_word' id='word_1_180' title='bbox 400 1936 461 2030; x_wconf 58' lang='grc' dir='ltr'><em>(ἔ.</em></span> <span class='ocrx_word' id='word_1_181' title='bbox 478 1981 767 2044; x_wconf 85' lang='lat' dir='ltr'><em>Longolium</em></span> <span class='ocrx_word' id='word_1_182' title='bbox 785 1984 882 2048; x_wconf 89' lang='lat' dir='ltr'><em>jam</em></span> <span class='ocrx_word' id='word_1_183' title='bbox 902 1981 1032 2026; x_wconf 87' lang='lat' dir='ltr'><em>denuo</em></span> <span class='ocrx_word' id='word_1_184' title='bbox 1050 1981 1101 2026; x_wconf 87' lang='lat' dir='ltr'><em>ab</em></span> <span class='ocrx_word' id='word_1_185' title='bbox 1129 1983 1216 2045; x_wconf 89' lang='lat' dir='ltr'><em>ipso</em></span> <span class='ocrx_word' id='word_1_186' title='bbox 1239 1983 1480 2042; x_wconf 85' lang='lat' dir='ltr'><em>castigatas</em></span> 
     </span>
     <span class='ocr_line' id='line_1_29' title="bbox 398 2045 1479 2111; baseline -0.004 -16"><span class='ocrx_word' id='word_1_187' title='bbox 398 2060 444 2095; x_wconf 85' lang='lat' dir='ltr'><em>et</em></span> <span class='ocrx_word' id='word_1_188' title='bbox 462 2047 763 2111; x_wconf 81' lang='lat' dir='ltr'><em>locupletatas,</em></span> <span class='ocrx_word' id='word_1_189' title='bbox 793 2046 941 2110; x_wconf 86' lang='lat' dir='ltr'><em>quibus</em></span> <span class='ocrx_word' id='word_1_190' title='bbox 966 2062 1173 2092; x_wconf 83' lang='lat' dir='ltr'><em>accessere</em></span> <span class='ocrx_word' id='word_1_191' title='bbox 1190 2045 1351 2092; x_wconf 76' lang='lat' dir='ltr'><em>scholia</em></span> <span class='ocrx_word' id='word_1_192' title='bbox 1369 2062 1479 2091; x_wconf 77' lang='lat' dir='ltr'><em>nova</em></span> 
     </span>
     <span class='ocr_line' id='line_1_30' title="bbox 398 2110 1479 2176; baseline -0.005 -16"><span class='ocrx_word' id='word_1_193' title='bbox 398 2117 445 2160; x_wconf 85' lang='lat' dir='ltr'><em>in</em></span> <span class='ocrx_word' id='word_1_194' title='bbox 482 2125 664 2176; x_wconf 81' lang='lat' dir='ltr'><em>quatuor</em></span> <span class='ocrx_word' id='word_1_195' title='bbox 692 2114 944 2176; x_wconf 82' lang='lat' dir='ltr'><em>posteriores</em></span> <span class='ocrx_word' id='word_1_196' title='bbox 984 2110 1245 2158; x_wconf 84' lang='lat' dir='ltr'><em>Comoedias,</em></span> <span class='ocrx_word' id='word_1_197' title='bbox 1292 2112 1336 2156; x_wconf 81' lang='lat' dir='ltr'><em>in</em></span> <span class='ocrx_word' id='word_1_198' title='bbox 1373 2126 1479 2173; x_wconf 78' lang='lat' dir='ltr'><em>quas</em></span> 
     </span>
     <span class='ocr_line' id='line_1_31' title="bbox 403 2174 1475 2242; baseline -0.001 -19"><span class='ocrx_word' id='word_1_199' title='bbox 403 2179 609 2224; x_wconf 79' lang='lat' dir='ltr'><em>hactenus</em></span> <span class='ocrx_word' id='word_1_200' title='bbox 634 2177 743 2223; x_wconf 79' lang='lat' dir='ltr'><em>nihil</em></span> <span class='ocrx_word' id='word_1_201' title='bbox 758 2176 920 2242; x_wconf 87' lang='lat' dir='ltr'><em>fuerat</em></span> <span class='ocrx_word' id='word_1_202' title='bbox 949 2188 1212 2222; x_wconf 81' lang='lat' dir='ltr'><em>annotatum.</em></span> <span class='ocrx_word' id='word_1_203' title='bbox 1251 2174 1475 2222; x_wconf 84' lang='lat' dir='ltr'><em>Coloniae.</em></span> 
     </span>
     <span class='ocr_line' id='line_1_32' title="bbox 401 2238 1472 2306; baseline -0.004 -18"><span class='ocrx_word' id='word_1_204' title='bbox 401 2242 654 2289; x_wconf 79' lang='lat' dir='ltr'><em>Excudebac</em></span> <span class='ocrx_word' id='word_1_205' title='bbox 665 2241 737 2303; x_wconf 87' lang='lat' dir='ltr'><em>Jo.</em></span> <span class='ocrx_word' id='word_1_206' title='bbox 753 2241 978 2306; x_wconf 69' lang='lat' dir='ltr'><em>Gymnicus</em></span> <span class='ocrx_word' id='word_1_207' title='bbox 988 2243 1111 2287; x_wconf 87' lang='lat' dir='ltr'><em>Anno</em></span> <span class='ocrx_word' id='word_1_208' title='bbox 1123 2238 1351 2286; x_wconf 83' lang='lat' dir='ltr'><em>MDXXX</em></span> <span class='ocrx_word' id='word_1_209' title='bbox 1354 2238 1472 2284; x_wconf 90' lang='lat' dir='ltr'><em>VIII.</em></span> 
     </span>
     <span class='ocr_line' id='line_1_33' title="bbox 400 2304 1474 2367; baseline -0.006 -13"><span class='ocrx_word' id='word_1_210' title='bbox 400 2306 622 2354; x_wconf 80' lang='lat' dir='ltr'><em>Servatur</em></span> <span class='ocrx_word' id='word_1_211' title='bbox 637 2307 686 2352; x_wconf 87' lang='lat' dir='ltr'><em>in</em></span> <span class='ocrx_word' id='word_1_212' title='bbox 703 2305 821 2354; x_wconf 87' lang='lat' dir='ltr'><em>Bibl.</em></span> <span class='ocrx_word' id='word_1_213' title='bbox 838 2305 1331 2367; x_wconf 76' lang='lat' dir='ltr'><em>Elect.A1chipalatina</em></span> <span class='ocrx_word' id='word_1_214' title='bbox 1343 2304 1474 2348; x_wconf 82' lang='lat' dir='ltr'>Man-</span> 
     </span>
     <span class='ocr_line' id='line_1_34' title="bbox 397 2368 1471 2432; baseline -0.006 -13"><span class='ocrx_word' id='word_1_215' title='bbox 397 2372 569 2429; x_wconf 84' lang='lat' dir='ltr'><em>hemii,</em></span> <span class='ocrx_word' id='word_1_216' title='bbox 587 2372 800 2432; x_wconf 88' lang='lat' dir='ltr'><em>itemque</em></span> <span class='ocrx_word' id='word_1_217' title='bbox 816 2373 865 2418; x_wconf 92' lang='lat' dir='ltr'><em>in</em></span> <span class='ocrx_word' id='word_1_218' title='bbox 884 2371 1000 2418; x_wconf 85' lang='lat' dir='ltr'><em>Bibl.</em></span> <span class='ocrx_word' id='word_1_219' title='bbox 1017 2372 1159 2416; x_wconf 85' lang='lat' dir='ltr'><em>Acad.</em></span> <span class='ocrx_word' id='word_1_220' title='bbox 1175 2368 1471 2432; x_wconf 75' lang='lat' dir='ltr'><em>Heidelberg.</em></span> 
     </span>
    </p>
   </div>
   <div class='ocr_carea' id='block_1_3' title="bbox 210 2436 1182 2502">
    <p class='ocr_par' dir='ltr' id='par_1_9' title="bbox 210 2436 1182 2502">
     <span class='ocr_line' id='line_1_35' title="bbox 210 2436 1182 2502; baseline -0.002 -18"><span class='ocrx_word' id='word_1_221' title='bbox 210 2453 234 2484; x_wconf 79' lang='lat'><strong>1</strong></span> <span class='ocrx_word' id='word_1_222' title='bbox 245 2452 336 2501; x_wconf 73' lang='lat'><em>540</em></span> <span class='ocrx_word' id='word_1_223' title='bbox 400 2437 606 2502; x_wconf 82' lang='lat' dir='ltr'><em>Lugduni</em></span> <span class='ocrx_word' id='word_1_224' title='bbox 615 2473 631 2487; x_wconf 78' lang='grc'><strong><em>,</em></strong></span> <span class='ocrx_word' id='word_1_225' title='bbox 660 2440 698 2485; x_wconf 88' lang='lat'><em>8.</em></span> <span class='ocrx_word' id='word_1_226' title='bbox 725 2455 795 2501; x_wconf 87' lang='lat' dir='ltr'><em>ap.</em></span> <span class='ocrx_word' id='word_1_227' title='bbox 814 2436 920 2485; x_wconf 86' lang='lat' dir='ltr'><em>Seb.</em></span> <span class='ocrx_word' id='word_1_228' title='bbox 941 2436 1182 2502; x_wconf 73' lang='lat' dir='ltr'><em>Gryphium.</em></span> 
     </span>
    </p>
   </div>
  </div>
 </body>
</html>
