1650 2826
114 171 243 221 ms
345 146 642 216 'Ac-:Tus
690 165 816 212 111.
867 164 974 212 sc,
1030 160 1135 215 ιν.
1333 165 1390 217 ει

532 282 991 326 Jurrrrrzn.

115 369 261 415 Recte
276 367 473 428 loquere
486 398 501 421 ‚
522 373 569 409 et
594 360 797 424 proinde
816 361 1093 426 diligentem
1119 375 1174 408 ut
1190 380 1392 412 uxorem

366 437 514 484 decet.

107 512 216 571 Jam
242 511 294 558 hi
322 510 465 556 ambo
492 520 540 554 et
566 526 718 556 servos
736 517 783 555 et
804 508 914 555 hera
935 507 1100 554 frustra
1125 520 1236 555 sunt
1262 509 1361 555 duo
1376 543 1392 568 ,

114 585 215 656 Qui
225 594 303 630 me
315 582 719 645 Amphitruonem
738 595 901 628 rentur
915 598 1029 629 esse:
1050 571 1206 629 errant¹
1217 584 1383 646 probe.-

112 657 251 703 Nunc
270 667 327 703 tu
354 656 513 702 divine
534 654 603 702 fac
627 657 721 702 huc
749 655 851 701 assis
880 655 1021 702 Sosia.

109 727 256 776 Audis
276 763 290 786 ‚
321 745 444 790 quae
473 728 604 786 dico,
632 729 816 775 tametsi
850 745 1061 790 praesens
1098 736 1200 775 non
1229 728 1377 776 ades:-

106 802 198 850 Fac
223 801 626 864 Amphitruonem
651 802 986 848 advenientem
1012 802 1071 848 ab
1098 802 1295 848 aedibus

110 874 175 921 Ut
201 874 354 939 abigas
381 874 550 934 quovis
577 870 742 935 paiste,
769 873 840 920 fac
868 884 1168 920 commentus
1184 873 1280 918 sies.

0 968 37 1002 ,τ
108 946 236 995 Volo
267 947 431 993 deludi
460 947 599 992 illum
614 982 628 1004 ,
657 947 778 993 dum
801 963 914 993 cum
948 947 1035 992 hac
1060 947 1263 992 usuraria

0 1011 31 1074 ξς
108 1017 267 1064 Uxore
285 1032 415 1063 nunc
444 1017 562 1062 mihi
594 1017 843 1081 morigero.
873 1017 988 1063 haec
1016 1027 1173 1062 curata
1200 1016 1293 1062 sint
1307 1046 1325 1074 ,

22 1082 32 1114 ‘³
107 1089 198 1135 Fac
223 1089 299 1134 sis:
322 1089 525 1150 proinde
556 1089 675 1134 adeo
692 1123 706 1145 ‚
738 1100 794 1135 ut
815 1105 894 1134 me
925 1089 1047 1135 velle
1074 1088 1327 1152 intellegis:

107 1162 270 1226 Atque
291 1175 347 1210 ut
369 1164 599 1211 ministres
624 1163 768 1221 mihi,
794 1179 947 1225 quom
965 1161 1085 1208 mihi
1101 1161 1384 1207 sacruficem.

444 1322 481 1368 S
538 1320 575 1366 C
622 1321 666 1366 E
714 1315 767 1366 N
802 1321 843 1366 A
934 1321 969 1366 Ι
1001 1320 1046 1366 V.

509 1464 1002 1525 MERCURIUS.

111 1578 204 1694 C
217 1657 249 1690 o
265 1656 299 1690 N
316 1655 430 1689 GED
446 1656 464 1688 1
477 1656 548 1689 TE
577 1653 724 1705 atque
752 1639 1011 1704 abscedite,
1040 1661 1204 1693 ornnes
1222 1645 1283 1693 de
1311 1647 1386 1694 via

365 1716 606 1773 decedite,

108 1787 211 1836 Nec
241 1788 491 1850 quisquam
522 1799 621 1833 tam
655 1788 809 1835 audax
835 1788 937 1838 fuat
964 1792 1142 1849 homo,
1171 1792 1257 1852 qui
1297 1791 1386 1837 oba

359 1860 485 1906 viam
511 1860 699 1906 obsistat
723 1861 853 1907 mihi

109 1935 236 1980 Nam
262 1934 382 1980 mihi
407 1934 628 1995 quidem,
645 1935 800 1981 hercle
813 1971 827 1993 ,
846 1936 932 1997 qui
953 1936 1110 1981 minus
1126 1935 1260 1979 liceat
1276 1933 1383 1979 Deo

359 2008 612 2054 minitarier

107 2082 296 2144 Populo
312 2116 326 2139 ,
350 2082 403 2127 ni
422 2081 619 2128 decedat
648 2083 795 2140 mihi,
827 2098 974 2142 quam
1003 2081 1184 2127 servolo
1214 2079 1264 2124 in
1291 2078 1385 2124 Co·-

366 2156 596 2202 moediis?

107 2229 195 2276 Ille
227 2245 399 2275 navem
432 2230 605 2275 salvam
628 2228 816 2274 nuntiat
833 2260 849 2284 ‚
876 2239 958 2273 aut
988 2227 1092 2273 irati
1119 2226 1383 2273 adventum

216 2354 219 2355 ⁷
358 2300 497 2345 senis:

109 2371 211 2436 Ego
239 2387 345 2418 sum
367 2371 478 2430 Jovi
505 2371 632 2420 dicto
657 2369 878 2428 audiens,
909 2370 1007 2436 ejus
1027 2370 1161 2435 jussu
1185 2368 1282 2414 huc
1303 2382 1401 2420 me>

181 2508 269 2557 Vol.
293 2514 333 2558 Ι.
503 2480 515 2491 .
1123 2511 1162 2557 F
