1650 2826
126 205 221 239 Ἠ
429 181 717 249 Αοτυε
765 180 824 228 v.
875 180 977 228 sc.
1025 182 1107 227 11.
1315 183 1404 244 189

486 326 525 372 s
557 322 613 370 ,ο
653 321 699 369 Ε
740 321 865 368 NA
940 320 1038 366 II.

161 465 512 506 ARTEMONA,
542 463 899 500 PARASITUS,
922 459 1368 502 DEMAENETUS,

349 549 750 588 ARGYRIPPUS..
788 549 1165 585 PHILENIUM.

495 655 1038 691 ARTEMONA.

123 723 251 834 Al
269 784 315 831 N‘
360 794 442 840 tu,
465 798 629 828 meum
660 781 817 828 virum
842 780 919 826 hic
949 791 1141 842 potare,
1176 779 1397 838 obsecre,

381 873 494 903 cum
533 856 630 901 filio
647 855 669 900 ?

123 930 186 977 Et
207 930 268 976 ad
286 930 485 976 amicam
514 928 731 974 detulisse
747 928 923 992 argenti
953 927 1123 990 viginti
1150 927 1331 972 minas?

126 1002 338 1063 Meoque
355 1002 452 1048 filio
476 1000 649 1046 sciente
673 999 725 1044 id
745 998 892 1045 facere
916 997 1150 1062 flagitium
1166 997 1382 1059 patrem?

468 1102 497 1135 Ρ
534 1102 569 1134 A
605 1103 639 1135 R
674 1101 708 1133 Α
745 1101 767 1134 s
805 1101 825 1133 1
863 1101 893 1132 T
932 1098 966 1130 U
1004 1098 1040 1131 s.

130 1175 304 1237 Neque
329 1177 503 1233 divini,
523 1194 683 1237 neque
713 1179 781 1223 mi
809 1177 1006 1224 humani
1035 1177 1229 1238 posthac
1259 1174 1401 1236 quid-

381 1266 526 1309 quam
549 1250 818 1306 accreduas,

129 1321 389 1369 Anemona
407 1357 421 1378 ,
454 1322 489 1366 si
520 1323 659 1384 hujus
687 1322 753 1367 rei
786 1339 865 1367 me
897 1338 989 1367 esse
1012 1320 1304 1384 &mendacem
1332 1321 1402 1365 in*

383 1408 576 1438 venens.

501 1489 1034 1522 ARTEMONA.

133 1558 198 1606 At
230 1561 415 1607 scelesta
445 1578 532 1625 ego
550 1596 564 1619 ,
598 1572 779 1622 praeter
807 1561 919 1607 alios
948 1577 1115 1607 meum
1146 1560 1303 1606 vi1um
1333 1558 1403 1604 fui

382 1644 478 1679 rata

129 1701 317 1750 Siccum
333 1739 348 1763 ,
379 1704 530 1769 frugi,
566 1706 891 1753 continentem
911 1740 926 1764 ‚
968 1716 1206 1752 amantem
1246 1703 1403 1751 uxoris

381 1795 619 1826 maxume.

475 1885 1047 1923 'PARASITUS.

131 1963 197 2011 At
214 1980 343 2010 nunc
373 1964 543 2010 dehinc
570 1966 683 2010 scito
700 2000 714 2022 ‚
740 1966 878 2011 illum
903 1976 1012 2010 ante
1042 1963 1195 2010 omnis
1212 1960 1401 2007 minimi

381 2038 628 2082 mortalem
652 2038 775 2097 preti
795 2057 805 2083 :

132 2109 382 2155 Madidum
398 2144 411 2166 ‚
443 2109 598 2165 nihili,
628 2109 1005 2156 incontinentem
1022 2143 1036 2166 ,
1054 2119 1199 2169 atque
1221 2123 1403 2154 osorem

384 2182 539 2229 uxoris
572 2199 691 2227 suae.
856 2191 861 2194 “
896 2188 899 2189 ’

504 2290 1036 2324 ARTEMONA.

135 2361 223 2425 Pol
238 2364 289 2411 ni
309 2380 415 2412 vera
436 2364 519 2408 ista
537 2375 684 2409 essent
699 2397 714 2421 ,
734 2380 1002 2427 numquam
1018 2363 1187 2413 faceret
1208 2381 1260 2411 ea
1279 2379 1404 2425 quae

385 2452 514 2483 nunc
541 2436 663 2484 facit.
