1650 2826
107 194 213 229 μα,
414 162 698 220 ACTUS
751 160 976 214 V.·SC.
1032 160 1111 212 11.
1286 167 1375 226 461

461 277 1049 322 ,TALAGMUQ

116 367 252 439 Quid
279 382 360 413 me
389 376 578 427 oportet
593 364 747 471 =facere
760 399 775 423 ‚
800 363 889 419 'ubi
910 378 965 409 tu
989 362 1089 409 mlis
1120 363 1190 409 vir
1215 361 1383 411 falsum

363 447 605 484 autumas.

117 512 206 560 Fui
233 521 320 577 ego
347 507 526 568 bellus,
559 508 774 571 lepiduS,
805 507 963 555 bonus
985 508 1057 555 vir
1082 522 1387 572 numquam,

367 598 528 645 neque
559 582 683 647 frugi
707 583 864 629 bonae
881 619 896 640 ‚

118 661 288 723 Neque
311 676 392 706 ero
418 675 679 719 umquam:
707 673 769 703 ne
792 668 848 703 tu
876 667 1009 719 spem
1030 671 1178 719 ponas
1197 676 1275 706 me
1297 659 1384 706 bo-

366 743 456 778 nae
479 731 602 795 frugi
630 729 743 776 fore.

598 826 633 866 ii
668 832 699 866 E
736 826 769 866 G
804 832 825 864 1
862 831 910 864 Ο.

116 902 478 972 Pmpemodu'm
503 904 589 955 ubi
609 903 704 954 loci
727 904 944 953 fortunae
970 917 1079 952 tuae
1109 907 1201 953 sint
1215 940 1230 964 ,
1258 906 1390 953 facile

386 982 627 1046 intellegis.

125 1054 177 1104 Si
200 1056 284 1102 eris
300 1070 443 1102 verax
456 1089 471 1112 ,
489 1066 572 1100 tua
596 1063 656 1098 ex
670 1069 720 1098 re
736 1050 871 1098 facies
886 1086 901 1109 ,
922 1067 983 1097 ex
1002 1053 1125 1098 mala
1140 1051 1393 1098 meliuscu-

376 1122 486 1172 lam.

126 1201 272 1248 Recta
295 1211 343 1245 et
368 1216 478 1245 vera
510 1190 739 1259 loquere:
775 1198 856 1244 sed
882 1209 1042 1260 neque
1064 1214 1173 1245 vere
1188 1232 1203 1256 ,
1234 1214 1395 1260 neque

386 1281 510 1317 recte
538 1271 694 1317 adhuc

130 1344 168 1390 F
170 1343 296 1414 egisti
323 1359 569 1403 umquam.

475 1439 498 1474 s
535 1439 568 1472 'r
602 1439 638 1472 A
672 1439 703 1473 L
736 1439 773 1472 A
808 1439 839 1473 G
876 1438 919 1471 M
954 1438 991 1471 U
1026 1438 1065 1472 s.

293 1536 296 1538 “
326 1515 480 1586 Quod
508 1532 594 1580 ego
627 1515 795 1572 fatear,
826 1514 996 1561 credin’
1020 1513 1199 1575 pudeat
1213 1549 1227 1572 ‚
1251 1531 1405 1575 quom

1019 1599 1237 1634 autumes
1256 1588 1278 1633 ἓ

615 1683 652 1715 Η
683 1683 715 1716 Ε
752 1681 786 1715 G
818 1683 841 1715 1
876 1683 924 1716 o.

140 1759 206 1807 At
233 1775 320 1824 ego
350 1757 519 1804 faciam
557 1769 614 1804 ut
640 1758 849 1820 pudeat:
886 1774 1000 1804 nam
1027 1756 1080 1803 in
1109 1757 1334 1804 ruborem
1362 1768 1410 1804 te

388 1842 548 1876 totum
583 1832 722 1878 dabo.

476 1929 499 1962 S
537 1929 567 1961 T
604 1930 638 1962 A
672 1930 703 1961 L
740 1929 774 1961 A
811 1929 844 1961 G
880 1928 923 1961 M
956 1930 992 1963 U
1028 1930 1065 1963 S.

143 2006 254 2053 Eia!
289 1999 429 2050 credo
453 2019 568 2066 eg0‚
593 2005 796 2066 inperito
818 2006 972 2069 plagas
991 2007 1215 2051 minitaris
1245 2007 1377 2052 mihi.

147 2077 367 2126 Tandem
397 2077 480 2121 ista
508 2075 665 2133 aufer,
702 2076 876 2137 dicque
906 2077 1027 2138 quid
1056 2076 1142 2136 fers
1162 2111 1177 2135 ‚
1215 2089 1271 2123 ut
1303 2077 1417 2123 feras

397 2149 509 2195 hinc
541 2149 678 2210 quod
706 2149 839 2210 petis.

628 2250 663 2282 H
698 2250 728 2281 E
766 2249 798 2282 G
832 2250 853 2282 Ῑ
891 2251 938 2287 Ο.

154 2325 268 2374 Satis
299 2326 568 2374 facundu’s.
598 2325 679 2373 sed
689 2337 791 2391 jam
813 2327 912 2373 fieri
941 2327 1419 2398 dictis-conpendium

348 2405 353 2407 ’
403 2400 529 2445 volo.
