1650 2826
0 202 10 233 ιι
88 209 226 251 v.17
341 187 628 239 Acrus
669 185 798 232 111.
854 183 1089 230 sen.
1281 199 1367 246 235

11 2266 21 2275 .
0 1890 21 2235 -.<·'⁴⁶1>*²'5221ffl=<“³·³‘1›
0 1859 7 1871 ”
0 1827 2 1835 ⁴
0 1800 4 1803 ¹
0 1730 5 1760 -·
0 1687 2 1689 ’
0 1539 11 1565 w

515 314 545 347 C
578 312 612 347 0
645 311 697 346 Ν,
715 308 747 344 G
784 310 816 344 R
852 307 874 341 1
910 307 957 342 Ο.

98 387 230 434 Volo
266 385 402 440 scire,
430 381 545 426 sinas
579 395 639 424 an
672 393 774 424 non
802 377 918 423 sinas
946 392 1032 423 nos
1061 392 1267 438 coquere
1295 378 1372 424 hic

349 469 547 501 coenam
563 452 587 498 Ρ

543 549 918 584 EUCLIO.

102 622 227 682 volo
260 631 373 678 scire
408 630 524 676 item
562 645 648 694 ego
666 662 681 686 ,
719 644 853 675 meae
883 626 1023 673 domi
1054 643 1221 674 meane
1250 630 1373 676 salva

347 701 542 752 futura?

514 806 541 838 c
578 804 610 837 ο
646 804 679 837 Ν
717 803 750 839 G
766 805 819 858 ‘R
853 803 875 837 1
911 803 960 837 o.

98 885 292 933 Utinam
315 901 421 931 mea
446 883 566 930 mihi
591 881 740 928 modo
771 880 979 928 auferam
994 913 1008 937 ‚
1036 897 1159 942 quae
1193 862 1331 928 attuli
1347 916 1363 939 ‚

348 956 494 1002 salva!

101 1031 181 1077 Me
203 1029 333 1077 haud
352 1028 569 1091 poenitet
585 1061 600 1084 ,
626 1037 709 1072 tua
731 1041 793 1071 ne
818 1035 1050 1086 expetam.

541 1129 573 1163 E
610 1128 645 1162 U
679 1129 707 1163 C
744 1128 774 1162 L
810 1128 829 1161 I
865 1128 914 1160 0.

817 1201 954 1249 Scio:
984 1220 1044 1250 ne
1071 1203 1220 1263 doce,
1246 1207 1373 1252 novi.

524 1306 551 1337 c
587 1304 618 1337 ο
652 1305 686 1336 N
721 1305 754 1336 G
788 1307 822 1339 R
857 1306 876 1337 1
914 1307 961 1338 o.

105 1379 240 1452 Quid
264 1390 331 1426 est
346 1413 359 1436 ,
377 1395 473 1439 qua
489 1378 735 1439 prohibeas
754 1394 884 1424 nunc
905 1380 1045 1442 gratia
1066 1397 1151 1426 nos
1170 1396 1376 1441 coquere

354 1451 430 1496 hic
462 1467 658 1496 coenam
676 1450 698 1495 Ρ

107 1533 246 1605 Quid
258 1533 456 1579 fecimus
467 1532 489 1577 ?
519 1531 638 1594 quid
666 1531 870 1578 diximus
892 1532 982 1578 tibi
997 1533 1184 1593 sequius
1200 1567 1213 1590 ,
1232 1550 1377 1594 quam

359 1605 500 1650 velles
514 1604 536 1648 ?

557 1700 927 1734 EUCLIO.

106 1780 261 1826 Etiam
286 1780 453 1844 rogitas
466 1814 479 1836 ‚
502 1781 687 1827 sceleste
709 1780 858 1827 homo
873 1816 887 1838 ,
906 1782 993 1843 qui
1010 1783 1204 1845 angulos
1222 1780 1375 1826 omnis

108 1852 325 1898 Mearum
349 1853 539 1914 aedium
564 1865 610 1900 et
628 1855 924 1901 conclavium
949 1855 1068 1902 mihi
1086 1855 1294 1918 perviam
1313 1852 1379 1897 fa-

357 1925 455 1970 citis
475 1925 497 1970 Ξ)

107 1995 166 2041 Id
188 1995 274 2041 ubi
297 1996 384 2041 tibi
406 2007 500 2042 erat
518 1998 762 2061 negotium
777 2033 790 2055 ‚
812 1998 871 2044 ad
897 1999 1059 2046 focum
1083 1999 1144 2044 sic
1170 1996 1377 2055 adesseSJ

109 2067 223 2113 Non
253 2068 386 2113 fissile
409 2069 598 2115 haberes
621 2081 775 2130 caput.
803 2072 973 2118 merito
1004 2071 1055 2116 id
1084 2070 1172 2116 tibi
1201 2070 1380 2116 factum

287 2157 290 2161 '
361 2152 440 2186 est.

110 2209 246 2257 Adeo
275 2223 332 2258 ut
361 2223 416 2258 tu
444 2230 601 2260 meam
632 2214 912 2260 sententiam
937 2214 1037 2278 jam
1059 2215 1158 2280 jam
1188 2232 1377 2263 noscere

359 2301 500 2345 possus
516 2321 529 2342 ‚

116 2352 165 2398 Si
179 2354 241 2402 ad
252 2356 447 2418 januam
465 2358 559 2404 huc
576 2358 805 2405 accesseris
817 2393 831 2415 ‚
846 2358 933 2405 nisi
945 2359 1120 2422 jussero
1132 2395 1147 2416 ‚
1162 2360 1377 2422 propius,

2 2443 6 2458 ³
63 2472 81 2488 ,
115 2432 214 2495 Ego
236 2446 284 2480 te
312 2435 475 2484 faciam
501 2438 800 2484 miserrumus
822 2439 1027 2487 mortalis
1052 2440 1123 2487 uti
1149 2440 1217 2484 sis.
