1650 2826
146 185 267 235 v.81
569 174 854 225 ACTUS
903 175 1031 221 III.
1331 186 1423 234 579

147 294 271 340 Nam
295 290 347 338 ni
370 288 611 335 intellexes
625 320 640 343 ‚
664 299 958 345 numquam,
979 279 1148 338 crede,
1173 278 1422 326 amitteres.

345 436 367 460 ⁶
527 389 571 422 Μ
608 389 638 422 E
672 387 703 420 1.
738 386 774 419 A
808 386 838 419 Ε
874 384 909 418 N
944 382 967 415 1
1003 381 1040 422 s.

150 467 295 513 Nunc
325 464 445 511 mihi
471 463 627 510 bonae
654 475 897 506 necessum
919 460 974 504 ’st
1009 472 1101 503 esse
1130 453 1361 518 ingratiiS,

153 541 463 611 Quamquam
485 551 577 582 esse
602 533 731 580 nolo.
757 548 859 577 rem
884 531 1041 592 palam
1064 543 1155 573 esse
1180 526 1418 588 intellego.

150 612 293 658 Nunc
324 619 513 674 egomet
538 606 697 668 potius
719 605 839 649 hanc
867 602 1000 648 inibo
1031 599 1224 664 gratiam

151 684 228 730 Ab
254 683 342 728 illis
357 716 371 739 ‚
396 697 541 742 quam
563 679 696 730 illaec
721 675 900 722 indicet>
923 690 1015 720 me.
1047 672 1129 723 ibo
1153 671 1356 718 domum
1373 701 1389 726 ,

153 755 314 816 Atque
343 753 405 807 ad
430 750 633 814 parentis
660 748 838 795 reduco
868 745 1114 793 Silenium.

389 894 896 956 ACTUS
1006 883 1201 963 1'11.

159 1046 510 1084 MELAENIS,
539 1042 1063 1081 ALCESIMARGHUS,
1094 1038 1424 1077 SILENIUM·

537 1164 1044 1217 MELAEnrs.

163 1246 345 1358 REM
378 1308 563 1353 elocuta
596 1323 702 1352 sum
723 1305 811 1360 tibi
841 1319 1063 1358 omnem:
1095 1318 1290 1364 sequere
1317 1317 1396 1348 me
1411 1321 1442 1360 ‚-

414 1398 522 1427 mea
551 1380 782 1427 Silenium
800 1413 814 1436 ,

165 1455 229 1502 Ut
265 1471 455 1512 eorum,
489 1454 684 1515 quoiam
721 1469 813 1499 esse
846 1460 1036 1513 oportet
1067 1461 1116 1495 te
1135 1483 1149 1507 ,
1183 1450 1238 1495 sis
1270 1449 1432 1510 potius

413 1544 559 1589 quam
586 1543 704 1574 mea.
1315 1539 1340 1542 ’-

168 1602 478 1671 Quamquam
503 1601 649 1647 invita
670 1611 717 1645 te
736 1598 902 1645 carebo
916 1631 930 1655 ‚
949 1597 1164 1644 animum
1184 1611 1271 1659 ego
1292 1593 1431 1640 indu-

422 1690 525 1720 cam
551 1685 712 1720 tamen
726 1707 741 1731 ‚

168 1746 234 1792 Ut
264 1746 384 1792 illud
414 1746 551 1807 quod
586 1758 720 1792 tuam
759 1745 810 1790 in
842 1761 944 1790 rem
977 1743 1103 1789 bene
1139 1740 1375 1787 conducat
1395 1773 1413 1795 ‚

417 1818 682 1867 consulam:

172 1891 296 1936 Nam
307 1891 385 1937 hic
402 1890 657 1952 crepundia
671 1890 848 1946 insunt,
864 1888 1151 1949 quibuscum
1165 1897 1214 1931 te
1228 1886 1306 1930 illa
1320 1884 1437 1930 olim

422 1964 482 2010 ad
502 1981 579 2009 me
606 1963 807 2019 detulit,

175 2038 312 2106 Quae
339 2036 459 2083 mihi
486 2035 646 2081 dedit:
669 2044 881 2096 parentes
906 2044 956 2079 te
982 2043 1038 2081 ut
1068 2039 1351 2095 cognoscant
1369 2027 1438 2075 fa-

169 2131 183 2139 ·
347 2107 352 2110 ’
428 2107 571 2154 cilius.
1012 2131 1017 2137 1

174 2181 349 2243 Accipe
380 2181 502 2236 hanc
534 2180 755 2227 cistellam
770 2214 785 2237 ,
816 2178 999 2231 Halisca
1013 2210 1028 2236 ,
1059 2187 1205 2238 atque
1234 2172 1438 2238 agedum

423 2255 560 2316 pulta
582 2254 679 2299 illas
702 2253 823 2299 foris.
1140 2298 1142 2301 .

115 2384 121 2390 ¹
176 2327 267 2381 Dic
292 2343 370 2373 me
400 2341 554 2382 orare,
584 2335 639 2372 ut
671 2323 836 2386 aliquis
861 2323 987 2369 intus
1018 2319 1216 2383 prodeat
1245 2332 1444 2382 propere

432 2398 573 2443 ocius.

1103 2462 1151 2507 O
1170 2477 1199 2507 o
1229 2475 1255 2509 9.
