1650 2826
199 207 344 255 XXIV

506 199 565 248 Μ.
633 198 832 253 ACCI
892 197 1227 246 PLAUTI

396 316 464 361 ci,
492 313 639 358 lectori
665 311 774 375 quod
798 311 971 375 probius
989 302 1223 356 videbitur,
1256 317 1297 354 et
1323 307 1382 353 ad
1394 325 1478 353 na-

398 394 531 425 meros
556 379 724 441 aptius,
754 376 937 437 deliget,
955 374 1170 440 judicium
1191 373 1374 418 cohibere
1397 374 1483 436 ipse

395 444 522 492 volui.
545 441 709 487 Ceteros
727 458 849 488 vero,
874 441 1021 503 quibus
1029 441 1191 503 passim
1219 439 1422 485 lacunas,
1442 447 1484 481 et

395 524 558 557 vacua,
583 519 815 568 notataque
835 507 1034 551 asterisco
1063 504 1154 548 loca
1175 503 1389 567 supplevi,
1419 502 1486 546 uti

395 574 541 620 inveni
566 574 773 636 scriptos,
810 573 875 616 ita
907 570 1002 618 edo,
1033 568 1174 613 multa
1202 569 1292 614 sine
1322 568 1488 612 ratione

397 653 670 685 numerorum
701 636 860 681 Plauto
891 637 1169 681 usitatorum.-
1197 631 1316 695 quod·
1336 632 1491 678 vitium

401 703 678 748 librariorum
715 700 981 762 negligentia
1009 699 1105 743 huic
1140 709 1182 743 et
1209 697 1307 742 aliis
1335 695 1491 740 accidit
1557 699 1559 703 ⁴

399 767 705 832 scriptoribus:
738 767 811 828 qui
833 768 982 829 poe'tas
1005 763 1169 808 solutae
1202 762 1404 807 orationis
1440 774 1491 804 ac

399 844 631 898 perpetuae
661 832 703 876 in
731 830 899 875 modum
921 828 1207 874 describebant
1247 826 1310 870 Ac
1329 824 1493 887 quidem

404 899 473 943 ita
507 896 624 941 edere
648 895 812 942 malui,
844 906 893 940 ut
920 896 1090 957 quisque
1120 894 1162 937 in
1188 907 1380 936 numeros
1408 891 1492 954 ipse

407 973 552 1022 cogat,
573 978 699 1022 quam
714 971 763 1005 ut
777 960 868 1004 ulla
887 977 913 1004 a
930 975 995 1003 me
1007 960 1086 1005 vis,
1100 957 1168 1004 vel
1172 955 1309 1019 fraus
1319 966 1496 1020 propter.

410 1042 608 1073 numeros
639 1026 826 1070 auctoris
852 1024 1016 1071 verbis,
1047 1034 1087 1067 et
1116 1022 1348 1066 sententiae
1366 1036 1415 1064 ea
1432 1035 1497 1063 so-

409 1090 787 1152 licitudinefieret.
816 1089 881 1134 Ac
900 1088 1110 1152 fortassis
1133 1085 1338 1149 quaedam
1368 1100 1497 1129 cona·—

411 1168 485 1200 tus
505 1154 693 1218 fuissem
719 1155 971 1220 conjecturis
1004 1155 1160 1199 etiam,
1187 1163 1228 1195 et
1247 1167 1299 1195 ex
1329 1150 1497 1209 ingenio

412 1223 662 1275 restituere,
681 1221 766 1265 nisi
790 1232 836 1263 tu
855 1219 1078 1263 editionem
1094 1217 1282 1261 ursisses.
1301 1241 1345 1248 --
1361 1214 1499 1259 Plan-

411 1285 540 1330 tinus
562 1300 675 1329 vero
706 1284 755 1328 in
776 1300 857 1328 sua
881 1281 1021 1344 praef.
1055 1279 1352 1340 Antwerpiae
1377 1277 1498 1336 1566

414 1350 524 1395 data
557 1365 699 1410 porro
728 1364 857 1394 suam
890 1347 1000 1392 edit.
1025 1345 1165 1392 tradit
1188 1358 1374 1390 auctam
1406 1358 1500 1388 esse

415 1414 519 1470 Car.
540 1414 703 1475 Langii
727 1403 1032 1467 liberalitate}
1049 1411 1133 1471 qui
1156 1409 1306 1455 Plauti
1326 1408 1504 1469 priores

416 1479 554 1524 Com.
573 1495 686 1524 cum
705 1479 852 1524 tribus
867 1476 995 1522 MSS.
1014 1475 1301 1530 contulerat,
1316 1489 1376 1518 ex
1389 1472 1502 1517 Adr.

424 1543 470 1589 T
467 1544 614 1588 urnebi
645 1542 925 1588 Adversariis
955 1552 1016 1586 et·
1033 1538 1297 1586 transmissis
1326 1537 1414 1582 sibi
1443 1536 1503 1582 ab

416 1608 562 1654 Hadr.
607 1607 743 1668 Junio
788 1607 1049 1652 Observatt.
1093 1604 1277 1662 illisque
1318 1600 1503 1666 Gifanii.

419 1673 533 1718 hinc
555 1674 704 1718 variae
735 1674 859 1717 lectt.
882 1671 932 1716 in
957 1669 1130 1729 quibus
1157 1667 1322 1730 Langii
1342 1683 1506 1712 exem-

420 1737 564 1798 plaria
599 1736 902 1781 consentiunt
929 1732 1275 1786 Sambucianis,
1306 1730 1504 1793 margini

419 1800 702 1859 adscriptae,
720 1810 897 1843 ceterae
913 1798 1008 1842 Lan
1014 1797 1076 1858 gii
1090 1831 1102 1852 ‚
1117 1795 1356 1851 Turnebi,
1369 1794 1503 1851 Junii

423 1875 472 1910 et
494 1863 666 1909 Gifanii
690 1863 740 1908 in
765 1863 939 1908 calcem
962 1863 1159 1924 rejectae
1187 1859 1499 1920 reperiuntur.

226 1956 389 1975 -—-—-
422 1930 734 1990 Argentorati,
767 1929 807 1972 8.
838 1943 950 1972 cum
980 1923 1122 1986 praef.
1140 1924 1212 1982 Jo.
1231 1925 1427 1970 Sturmii.

222 1995 348 2054 1568

232 2253 355 2313 1576

419 1994 645 2049 Basilum,
673 1993 714 2038 8.
751 2009 811 2037 ex
847 1991 964 2037 offic.
1001 1990 1196 2053 Hervag.
1224 2005 1308 2049 per
1335 1987 1505 2033 Euseb.

419 2058 738 2119 Episcopium.
751 2073 862 2102 cum
885 2055 1174 2101 annotation.
1194 2053 1442 2100 Camerarii
1457 2065 1504 2098 et

419 2123 561 2185 praef.
583 2123 659 2180 Jo.
685 2122 897 2167 Sambuci.
926 2121 1094 2165 Pareus
1127 2135 1229 2165 eam
1259 2117 1401 2164 haelii
1425 2116 1508 2164 Se·-

425 2188 572 2232 cundi
593 2187 790 2232 Curionis
814 2202 906 2231 esse
929 2185 1056 2230 dicit.

422 2252 622 2297 Lutetiae
638 2287 651 2298 ,
678 2251 759 2296 fol.
786 2251 848 2296 M.
869 2251 1025 2295 Accius
1049 2249 1235 2294 Plautus
1257 2265 1309 2293 ex
1315 2246 1412 2310 fide
1435 2258 1506 2291 at-

422 2333 500 2380 que
531 2318 788 2361 auctoritate
820 2315 1095 2378 complurium
1124 2313 1327 2358 librorum
1348 2328 1503 2355 manu-

392 2439 395 2443 γ
420 2383 674 2443 scriptorum
702 2397 828 2444 opera
846 2379 1040 2439 Dionys.
1065 2376 1284 2422 Lambini
1300 2375 1508 2420 Monstro-

424 2445 568 2492 liensis
587 2445 856 2491 emendatus:
880 2443 931 2490 ab
957 2442 1172 2504 eodemque
1196 2440 1507 2488 commentariis
