1650 2826
9 2095 33 2110 au

115 229 215 291 '2⁷
404 209 702 260 Ac‘rth·
747 210 850 258 lv.
902 210 1010 258 sc:
1062 213 1099 258 1.
1299 230 1389 274 243

76 368 78 371 ,
116 318 165 366 Si
190 320 360 365 herum
382 316 749 378 videtsupeme
773 334 984 365 amorem
998 352 1013 376 ,
1039 319 1133 364 hoc
1157 320 1275 366 servi
1298 337 1403 367 esse.

372 389 580 436 officium
610 405 716 435 reor
731 425 746 447 ,

114 462 414 530 Retinere-ad
441 464 666 509 salutem:
690 480 798 512 non
822 482 937 514 eum
954 501 968 524 ,
992 482 1094 527 quo
1116 467 1389 525 incumbat,

364 551 424 581 eo
452 535 709 597 impellere.

115 609 261 681 Quasi
275 608 431 671 pueris
446 643 460 665 ‚
489 610 577 670 qui
602 626 712 656 nare
736 609 948 665 discunt,
976 609 1152 670 scirpea
1174 612 1391 660 induitur

364 693 500 740 ratis,

52 808 58 820 .
115 756 220 826 Qui
234 755 452 802 laborent
468 755 653 812 minus,
672 739 848 802 facilius
866 765 926 802 ut
938 765 1082 812 nent,
1101 766 1149 801 et
1166 768 1392 803 moveant

363 844 534 874 manus
547 848 572 873 :-

115 901 302 949 Eodem
331 901 482 948 modo
519 918 703 948 servom
740 912 891 947 ratem
928 918 1025 948 esse
1063 903 1240 949 amanti
1273 903 1390 948 hero

362 989 573 1034 aequom
605 990 773 1020 censeo
792 1008 808 1031 ,

118 1046 184 1093 Ut
213 1048 408 1104 toleret,
430 1063 493 1093 ne
526 1064 715 1109 pessum
743 1047 914 1105 abeat,
934 1058 1168 1110 tanquam
1196 1048 1394 1112 [catapi-

366 1122 529 1165 rateria
544 1121 561 1180 ]

118 1190 556 1251 Herileimperiurn
585 1192 754 1238 ediscat
772 1226 787 1248 ,
819 1203 903 1249 ut,
934 1191 1072 1253 quod
1100 1190 1229 1237 frons
1244 1191 1361 1237 velit
1376 1225 1392 1248 ‚

373 1262 500 1307 oculi
532 1264 689 1308 sciant.

122 1334 276 1406 Quod
299 1334 494 1398 jubeat,
516 1335 614 1383 citis
637 1334 871 1397 quadrigis
896 1335 1029 1380 citius
1046 1347 1267 1396 properet
1287 1352 1398 1397 per·-

371 1421 521 1465 sequi.

123 1480 239 1550 Qui»
258 1495 311 1526 ea
342 1478 523 1527 curabit
539 1511 552 1533 ‚
582 1476 834 1525 abstinebit
864 1477 1082 1526 censione
1106 1478 1323 1529 bubula..

123 1553 225 1598 Nec
252 1568 333 1597 sua
365 1566 507 1611 opera
535 1547 715 1612 rediget
743 1565 977 1610 umquam
1011 1549 1065 1598 in
1094 1551 1407 1612 splendorem,

374 1621 625 1684 conpedes.

126 1698 270 1743 Nunc
303 1696 442 1741 herus
478 1710 612 1740 meus
646 1704 772 1742 amat
805 1692 949 1743 filiam
982 1694 1123 1756 hujus
1156 1694 1397 1742 Euclionis

373 1766 588 1830 pauperis
607 1786 627 1811 z<
955 1804 961 1808 .

124 1842 243 1888 Earn
257 1840 374 1885 hero
388 1855 520 1885 nunc
534 1838 859 1885 renuntiatum
878 1837 1160 1902 ’'st‘nuptum
1172 1840 1288 1886 huic
1302 1841 1400 1888 Me-

376 1912 551 1976 gadoro
577 1913 689 1958 dari.

126 1988 171 2033 Is
196 1986 491 2047 speculatum
519 1986 621 2031 huc
646 1985 772 2031 misit
801 2003 880 2031 me
895 2020 909 2042 ,
936 1996 1018 2042 uc,
1046 2002 1170 2045 quae
1200 1987 1367 2034 fierent
1382 2022 1397 2044 ,

379 2056 511 2101 fieret
537 2057 776 2117 particeps.

130 2129 273 2175 Nunc
302 2129 401 2174 sine
439 2129 574 2173 omni
604 2128 868 2190 suspicione
900 2129 953 2174 in
985 2145 1069 2175 ara-
1091 2130 1172 2175 hic
1206 2130 1410 2177 assidam.

381 2218 531 2249 sacra.⁷

131 2274 260 2325 Hinc
283 2291 370 2340 ego
394 2287 441 2321 et
460 2277 557 2323 huc
581 2288 628 2323 et
650 2278 762 2324 illuc
788 2287 985 2339 potere,
1007 2276 1127 2339 quid
1149 2289 1314 2344 agant,
1332 2296 1404 2327 ar·-

385 2354 620 2405 bitxarien

1094 2535 1195 2606 Q3
