1650 2826
125 200 220 245 ιγ
390 179 707 232 ,ACTUS
754 179 877 226 111.
928 177 1036 226 SC.
1086 179 1123 226 1.
1305 194 1397 239 421

125 293 239 343 Vidi
251 327 272 351 ,
288 308 376 339 nec
402 292 521 352 quoi
541 290 701 336 minus
713 286 963 349 procedat,
983 285 1227 347 quidquid
1248 285 1402 332 facere

384 361 629 423 occeperit.

124 438 296 498 Imque
316 446 478 482 venter
500 444 763 498 gutturque
781 431 987 478 resident
1014 431 1225 477 esuriales
1248 430 1393 477 ferias.

127 509 260 556 Ilicet
272 505 534 570 parasiticae
546 505 632 551 arti
648 521 923 551 maxumam
936 504 986 549 in
999 504 1170 549 malam
1190 519 1377 549 crucem
1392 505 1406 548 Ξ

125 583 198 629 Im
223 582 450 645 juventus
480 580 581 642 jam
610 578 831 624 ridiculos
865 578 1129 638 inopesque
1165 575 1226 622 ab
1257 591 1303 621 se
1329 590 1398 621 se-

371 664 542 717 gregat.

123 725 254 773 Nihil
273 737 519 771 morantur
535 726 634 789 jam
655 724 861 770 Laconas
883 723 968 768 imi
989 724 1178 770 subselli
1195 724 1317 768 viros
1330 756 1347 779 ,

123 798 456 863 Plagipatidas:
477 797 652 859 quibus
677 807 787 842 sunt
809 796 953 843 verba
971 797 1069 842 sine
1095 813 1229 858 penu
1246 808 1294 843 et
1309 811 1395 856 pe·-

373 887 525 917 cuma.

122 943 215 991 Eos
232 943 483 1004 requirunt
494 978 509 1000 ,
528 944 632 1004 qui,
650 945 871 991 lubenter
887 959 1041 1004 quom
1059 941 1242 988 ederint
1258 975 1272 998 ‚
1292 938 1399 986 red-

375 1014 491 1060 dant
515 1014 671 1060 domi:

123 1089 220 1151 Ipsi
247 1090 481 1137 obsonant
500 1124 514 1146 ‚
538 1106 661 1150 quae
683 1090 992 1136 Parasitorum
1023 1099 1134 1134 ante
1165 1098 1262 1132 erat
1284 1101 1397 1148 pro-

374 1164 541 1210 vincia.

126 1235 221 1296 Ipsi
241 1235 302 1280 de
324 1234 428 1280 foro
450 1246 548 1281 tam
572 1247 735 1297 aperto
764 1238 915 1298 capite
942 1238 1002 1283 ad
1026 1240 1220 1284 lenones
1245 1247 1363 1282 eunt
1381 1269 1397 1292 ,

129 1307 296 1376 Quam
317 1307 370 1354 in
386 1307 515 1354 tribu
536 1320 698 1370 aperto
717 1310 868 1371 capite
895 1322 1049 1356 sontes
1074 1310 1399 1356 condemnant

378 1397 494 1427 reos.

124 1452 298 1515 Neque
322 1452 544 1500 ridiculos
558 1456 660 1519 jam
686 1457 871 1503 terunci
897 1456 1088 1504 faciunt.
1117 1472 1212 1502 sese
1231 1471 1396 1502 omnes

374 1540 547 1575 amant.

124 1603 249 1650 Nam
270 1614 328 1651 ut
352 1604 541 1650 dudum
566 1605 677 1651 hinc
703 1605 797 1651 abii
810 1640 824 1662 ,
850 1607 1013 1653 accessi
1039 1606 1101 1652 ad
1125 1606 1397 1652 adulescen-

375 1690 454 1724 tes.
469 1679 520 1723 in
546 1677 649 1724 foro
671 1698 681 1723 ι

128 1749 310 1798 Salvete
328 1785 343 1808 ,
375 1751 602 1812 inquam:
638 1753 755 1822 Quo
788 1753 910 1808 imus
937 1770 1033 1799 una
1048 1788 1062 1810 ,
1086 1754 1313 1815 inquam,
1337 1753 1399 1799 ad

379 1825 633 1884 prandium
648 1827 670 1871 ἐ’
691 1838 837 1888 atque
866 1827 935 1872 ini
961 1839 1131 1873 tacent.

129 1903 251 1973 Quis
272 1904 335 1950 ait
350 1905 470 1950 hoc?
493 1917 576 1951 aut
598 1907 719 1975 Quis
742 1908 1025 1968 profitetur?
1049 1909 1269 1968 inquam*
1286 1924 1401 1968 qua-

378 1977 414 2022 si
434 1978 559 2023 muti
586 1979 724 2024 silent
746 1999 756 2024 :

127 2057 301 2117 Neque
329 2073 408 2102 me
434 2058 602 2104 rident.
644 2059 739 2105 Ubi
763 2061 1048 2107 coenamus?
1083 2061 1296 2120 inquam.
1331 2071 1401 2106 at-

383 2145 480 2189 que
506 2130 574 2174 1111
600 2130 835 2177 abnuunt.

129 2201 252 2250 Dico
279 2219 435 2249 unum
463 2203 720 2251 ridiculum
746 2206 929 2253 dictum
951 2206 1011 2253 de
1035 2205 1168 2252 dictis
1188 2207 1398 2253 meliori-

380 2275 470 2321 bus
490 2311 505 2332 ,
796 2331 799 2332 ⁷

133 2344 323 2412 Quibus
353 2347 563 2394 solebam
592 2350 896 2396 menstruales
925 2350 1084 2411 epulas
1114 2362 1224 2398 ante
1251 2352 1409 2412 adipi-s

385 2436 511 2467 scier.

1043 2502 1212 2564 Dd3
