1650 2826
264 219 351 263 134
628 200 1159 251 ASINARIA.
1411 210 1537 266 v.76

571 322 1213 358 ARGYRIPPUS.

257 396 399 446 Mane
417 433 430 456 ,
449 415 615 455 mane,
641 400 752 445 audi
772 420 780 445 ε
815 401 915 457 dic,
939 401 1059 461 quid
1078 417 1155 447 me
1186 418 1396 464 aequom
1429 420 1539 451 cen-

514 490 579 518 ses
612 490 699 534 pro
727 473 804 519 illa
835 473 924 519 tibi
954 474 1091 519 dare:

257 545 456 592 Annum
482 545 612 593 hunc
637 562 700 591 ne
723 562 834 591 cum
858 546 1092 609 quiquam
1116 547 1206 592 alio
1229 547 1297 592 sit.

604 645 630 677 c
667 645 697 678 L
732 646 762 678 E
800 644 835 679 A
868 646 897 678 Ε
934 647 967 679 R
1004 646 1035 679 Ε
1072 646 1102 678 Τ
1139 645 1187 678 A.

1003 717 1166 762 Tene?
1189 717 1357 782 viginti
1375 718 1538 764 minas.

257 789 421 850 Atque
448 805 502 834 ea
523 789 652 852 lege,
677 786 714 832 si
742 787 856 834 alius
881 788 942 834 ad
963 805 1043 835 me
1068 789 1195 852 prius
1225 790 1432 836 attulerit
1447 825 1459 847 ,
1484 801 1541 836 tu

509 871 625 918 vale.

574 972 1223 1007 ARGYRIPPUS.

199 1077 201 1079 -
261 1043 326 1092 At
355 1061 472 1110 ego:
508 1056 575 1091 est
609 1045 751 1091 etiam
771 1080 784 1103 ,
807 1045 1086 1108 priusquam
1118 1046 1215 1092 abis
1231 1080 1245 1104 ,
1271 1046 1408 1108 quod
1426 1048 1538 1093 volo

509 1118 661 1179 loqui.

609 1229 637 1262 C
673 1229 703 1263 Ι.
740 1230 769 1263 E
807 1229 842 1264 A
877 1230 907 1264 E
943 1232 976 1264 R
1011 1230 1041 1263 E
1079 1230 1111 1263 T
1146 1229 1196 1263 Α.

1069 1305 1162 1355 Dic
1193 1306 1331 1367 quod
1355 1307 1506 1356 lubet.

570 1411 1216 1452 ARGYRIPPUS.

259 1488 373 1534 Non
405 1486 603 1533 omnino
617 1487 715 1550 jam
751 1487 897 1548 perii:
931 1498 998 1534 est
1029 1489 1268 1551 reliquom
1284 1525 1298 1549 ,
1318 1508 1419 1553 quo
1435 1509 1542 1555 per-

513 1577 618 1606 eam
651 1578 807 1626 magls.

259 1634 432 1682 Habeo
448 1669 461 1691 ,
482 1634 613 1680 unde
634 1634 753 1680 istuc
780 1634 868 1680 tibi
893 1634 1028 1695 quod
1044 1634 1194 1696 poscis
1221 1634 1359 1681 dem:
1391 1634 1541 1682 sedin

513 1709 636 1771 leges
665 1725 790 1753 meas

259 1779 427 1836 Dabo,
456 1791 511 1825 ut
544 1780 656 1825 scire
686 1781 828 1841 possis
841 1786 861 1837 ,Χ
880 1793 1171 1843 perpetuum
1199 1798 1381 1830 annum
1410 1784 1539 1829 hunc

517 1853 637 1899 mihi
660 1854 732 1898 uti
762 1855 926 1900 serviat
946 1889 959 1912 ,

259 1927 359 1974 Nec
385 1943 685 1988 quemquam
707 1928 884 1989 interea
911 1929 1058 1977 alium
1085 1930 1302 1978 admittat
1323 1947 1507 1992 prorsus
1522 1966 1538 1989 ,

513 2017 660 2062 quam
685 2018 789 2059 me,
816 2002 876 2048 ad
906 2019 953 2048 se
979 2003 1149 2050 virum.

615 2109 1196 2145 CLEAERETA.

260 2181 396 2251 Quin
422 2183 459 2228 si
483 2194 538 2229 tu
563 2185 718 2242 voles,
746 2185 879 2231 domi
905 2188 1022 2236 servi
1050 2189 1136 2248 qui
1164 2199 1299 2245 sunt,
1331 2187 1536 2234 castrabo

511 2272 647 2301 vuos.

257 2325 499 2372 Postremo
536 2340 591 2377 ut
626 2331 756 2376 voles
780 2347 866 2377 nos
902 2348 1022 2388 esse,
1053 2332 1365 2395 syngrapham
1389 2331 1528 2379 facito

509 2400 678 2448 afferas.

259 2470 325 2517 Ut
341 2470 468 2517 voles
487 2505 501 2527 ,
526 2482 581 2519 ut
605 2471 691 2520 tibi
711 2473 923 2532 lubebit‚
948 2474 1084 2522 nobis
1110 2477 1264 2541 legem
1284 2477 1533 2539 inponite:
