1650 2826
278 239 372 285 554
536 224 1299 283 CISTELLARIA.
1462 256 1561 285 ται

362 372 822 434 ACTUS
914 380 1483 443 PRIMUS.

695 507 1029 572 SCENA
1122 514 1160 558 z

327 645 748 687 SILENIUM.
796 652 1275 693 GYMNASIUM,
1321 657 1523 694 LENA.

668 760 1168 797 SILENIUM.

279 818 458 932 CUM
490 901 579 947 ego
610 885 830 931 antidhac
861 896 909 931 te
935 885 1087 932 amavi
1103 919 1120 943 ,
1141 897 1190 933 et
1215 887 1334 932 mihi
1356 888 1554 936 amicam

530 975 625 1003 esse
655 958 805 1014 crevi,
1534 1015 1538 1018 N

271 1029 381 1074 Mea
403 1029 717 1090 Gymnasium
730 1064 745 1086 ,
763 1040 811 1075 et
832 1041 1032 1077 matrem
1049 1041 1209 1077 tuam:
1233 1041 1347 1089 tum
1364 1031 1416 1077 id
1434 1033 1553 1079 mihi

528 1103 673 1148 hodie

271 1174 527 1236 Aperuistis
542 1210 556 1231 ⁷
584 1187 640 1221 tu
666 1186 812 1235 atque
837 1177 964 1223 haec.
993 1194 1121 1224 soror
1143 1178 1180 1223 si
1201 1195 1307 1225 mea
1330 1196 1442 1226 esses
1458 1214 1472 1236 ,

275 1247 377 1316 Qui
404 1248 549 1309 magis
575 1248 784 1308 potueris
813 1250 931 1294 mihi
953 1250 1187 1296 honorem
1209 1250 1276 1296 ire
1297 1249 1518 1297 habitum
1532 1285 1550 1309 ‚

273 1320 467 1369 Nescio;
498 1320 613 1375 nisi,
639 1332 694 1365 ut
723 1338 855 1366 meus
886 1333 953 1367 est
982 1322 1197 1379 animus,
1227 1322 1327 1367 fieri
1405 1366 1410 1372 ,

269 1392 382 1438 Non
413 1408 545 1452 posse
573 1393 796 1439 arbitror:
827 1394 889 1439 ita
918 1395 1141 1441 omnibus
1164 1395 1332 1441 relictis
1358 1395 1501 1442 rebus

266 1466 388 1511 Mihi
406 1465 708 1525 frequentem
737 1484 930 1528 operam
957 1470 1158 1516 dedistis,
1195 1486 1252 1515 eo
1278 1486 1364 1533 ego
1391 1486 1477 1515 vos

269 1538 396 1584 Arno
412 1572 426 1596 ,
448 1549 495 1583 et
515 1555 572 1584 eo
596 1556 621 1584 a
641 1556 719 1584 me
737 1557 957 1603 magnam
983 1542 1127 1588 inistis
1140 1542 1356 1607 ‚gratiam-

617 1639 1215 1674 GYMNASIUM.

270 1705 358 1751 Pol
394 1706 511 1751 istoc
543 1707 741 1768 quidem
772 1725 858 1754 nos
885 1711 1039 1770 pretio
1070 1710 1202 1757 facile
1232 1722 1301 1757 est

268 1777 306 1822 F
309 1790 588 1838 requentare
611 1781 727 1837 tibi,
757 1782 993 1842 utilesque
1021 1784 1212 1830 habere:

267 1841 338 1895 I'ta
361 1851 410 1895 in
441 1852 640 1911 prandio
666 1870 750 1898 nos
783 1854 941 1915 lepide
969 1867 1114 1916 atque
1136 1857 1287 1903 nitide

265 1923 504 1985 Accepisti
530 1926 660 1988 apud
686 1938 732 1973 te
746 1962 759 1984 ‚
782 1939 837 1974 ut
859 1945 1042 1991 semper
1065 1930 1435 1977 meminerimus.

657 2023 679 2057 S
715 2024 736 2056 I
772 2025 801 2057 L
838 2025 868 2058 E
905 2027 939 2060 N
975 2027 996 2061 I
1033 2027 1067 2059 U
1104 2027 1160 2060 Μ.

267 2089 581 2151 Lubentique
609 2090 782 2152 edepol
805 2092 966 2139 animo
994 2093 1199 2152 factum,
1224 2105 1271 2141 et
1297 2093 1420 2140 fieta
1437 2109 1541 2151 me,

265 2160 404 2229 Quae
436 2178 518 2207 vos
553 2162 808 2209 arbitrabor
839 2165 984 2222 velle,
1018 2183 1070 2212 ea
1098 2177 1155 2212 ut
1178 2177 1475 2229 expetessam.

772 2263 800 2295 L
840 2265 869 2296 Ε
906 2265 939 2297 N
975 2266 1023 2298 A.

269 2327 423 2396 Quod
445 2329 522 2374 ille
544 2329 664 2375 dixit
680 2365 692 2387 ‚
723 2331 808 2391 qui
829 2330 1037 2377 secundo
1059 2324 1207 2378 Vento
1231 2340 1391 2378 vectus
1410 2343 1504 2386 est,
1540 2384 1548 2389 ,

262 2399 544 2459 Tranquillo
566 2402 679 2446 mari
697 2436 709 2458 ,
730 2414 930 2450 ventum
954 2403 1139 2467 gaudeo
1161 2415 1333 2450 ecastor
1354 2400 1415 2446 ad
1435 2412 1509 2447 te:

263 2473 332 2519 Ita
363 2473 507 2519 hodie
529 2474 605 2520 hic
632 2488 849 2536 acceptae
879 2493 1039 2523 sumus
1064 2476 1280 2524 suavibus
1305 2475 1457 2521 modis
1474 2494 1490 2526 3
