1650 2826
259 199 353 262 446
584 193 1193 246 CAPTEIVEI.
1409 199 1540 248 v28

261 314 500 391 Quarum·
503 308 652 356 odore
668 308 918 370 praeterire
933 324 1079 355 nemo
1097 308 1352 370 pistrinum
1368 320 1545 370 potest:

260 387 447 432 Eorum
469 383 504 428 si
527 382 854 445 quojusquam
871 381 1152 442 scropham
1142 397 1192 428 m
1214 381 1412 443 publico
1430 398 1547 429 con-

514 470 711 517 spexero
731 487 745 511 ,

262 532 337 578 Ex
355 530 463 592 ipsis
486 527 691 575 dominis
706 562 719 585 ‚
733 527 849 573 meis
866 527 1038 591 pugnis
1056 527 1315 574 exculcabo
1333 527 1547 576 furfures.

747 635 848 670 HJ:
887 638 919 671 G
957 637 977 669 1
1017 637 1067 670 Ο.

259 710 468 757 Basilicas
494 709 753 755 edictiones
769 744 784 767 ‚
820 721 965 771 atque
992 710 1260 772 imperiosas
1289 713 1446 761 habet.

261 782 398 830 Satur
426 784 578 829 homo
611 794 707 828 est:
741 783 887 830 habet
914 783 1130 845 profecto
1158 784 1210 830 in
1239 798 1403 834 ventre
1432 804 1549 835 con-

515 854 777 901 fidentiam.

612 955 1189 993 ERGASILUS.

263 1033 396 1078 Tum
419 1031 691 1092 piscatores„
712 1032 798 1092 qui
819 1032 1050 1093 praebent
1075 1037 1262 1097 populo
1287 1036 1432 1098 pisces
1451 1035 1552 1084 foc-

522 1103 646 1149 tidos
662 1138 676 1161 ‚

268 1178 373 1248 Qui
406 1176 714 1224 advehuntur
753 1176 1138 1239 quadrupedanti
1171 1181 1399 1228 crucianti
1429 1199 1540 1229 can-

523 1263 642 1298 ter10
663 1271 672 1296 :

268 1326 498 1396 Quorum
530 1325 648 1371 odos
674 1324 1036 1372 subbasilicanos
1065 1327 1220 1374 omnis
1238 1328 1385 1394 abigit
1409 1329 1460 1376 in
1480 1328 1570 1376 ὢ·-

519 1416 628 1445 rum
646 1433 659 1456 ,

266 1474 342 1520 Eis
379 1489 468 1536 ego
504 1488 583 1518 ora
615 1471 874 1518 verberabo
905 1472 1133 1533 sirpiculis
1161 1473 1387 1534 piscariis:

270 1547 335 1592 Ut
349 1547 523 1604 sciant,
537 1545 691 1591 alieno
708 1561 822 1591 naso
839 1562 986 1605 quam
1001 1545 1256 1592 exhibeant
1274 1548 1552 1596 molestiam.

268 1621 403 1668 Tum
436 1620 549 1667 lanii
583 1631 774 1676 autem,
800 1619 887 1680 qui
914 1619 1203 1667 concinnant
1233 1620 1388 1666 liberis
1420 1621 1554 1668 orbas

522 1708 632 1738 oves
651 1725 666 1748 ,

270 1768 373 1839 Qui
408 1769 569 1814 locant
602 1765 876 1812 caedundos
905 1781 1078 1830 agnos,
1112 1777 1161 1812 et
1191 1765 1390 1828 duplam
1419 1766 1553 1832 agni-

528 1858 641 1886 nam
668 1839 853 1885 danunt
869 1875 882 1897 ‚

264 1916 371 1984 Qui
397 1915 598 1996 petroni
615 1930 797 1959 nomen
819 1912 999 1960 indunt
1025 1914 1212 1960 verveci
1238 1914 1455 1963 sectatio:

268 1989 397 2036 Eum
417 2005 504 2052 ego
529 1988 564 2032 si
587 1987 637 2032 in
663 1987 739 2032 via
755 1998 1007 2048 petronem
1025 1986 1217 2048 publica
1234 2000 1522 2049 conspexero
1535 2019 1549 2041 ‚

270 2062 332 2109 Et
361 2074 614 2156 petronem
642 2072 688 2107 et
720 2061 976 2109 dominum
1001 2061 1199 2108 reddam
1226 2061 1433 2109 mortalis
1458 2058 1551 2105 mi-

523 2149 769 2179 serrumos.

751 2231 1066 2273 HEGIO.

272 2311 512 2375 Eugepae!
535 2312 792 2358 edictiones
814 2312 1037 2359 aedilitias
1056 2313 1131 2358 hic
1151 2309 1293 2356 habet
1318 2306 1515 2368 quidem
1537 2327 1545 2352 ε

271 2383 548 2445 Mirumque
583 2386 702 2431 adeo
736 2387 789 2431 ’st
809 2420 823 2442 ‚
852 2387 905 2431 ni
934 2387 1065 2433 hunc
1095 2385 1246 2432 fecere
1276 2380 1363 2429 sibi
1390 2381 1548 2428 Aetoli

524 2474 883 2521 agoranomum.
