1650 2826
278 205 369 238 100
575 181 1245 235 AMPHITRUO.
1430 199 1555 246 v.25

619 309 655 342 A
691 308 735 341 M
771 308 800 342 1²
834 308 871 342 H
907 307 928 341 1
965 308 996 340 T
1032 309 1065 341 R
1101 307 1137 340 U
1173 307 1221 341 Ο.

960 376 1196 442 Blepharo,
1215 378 1429 443 suppetias
1443 379 1562 424 mihi.

657 478 686 511 Β
722 477 752 511 L
787 476 817 508 E
854 475 883 507 P
920 475 954 509 Η
989 475 1024 508 A
1060 477 1092 509 R
1131 476 1177 511 ο.

266 556 528 606 .Consimiles
545 565 648 599 sunt
666 553 792 600 adeo,
811 563 885 599 ut,
907 554 998 597 utri
1014 553 1164 600 assim,
1184 554 1369 598 nesciam
1382 571 1396 596 .·
1417 554 1565 599 rixam

531 640 671 674 tamen
689 659 703 682 ‚

280 703 342 751 Ut
356 714 522 768 potest,
545 701 758 745 dirimam.
777 694 1033 761 Amphitruo
1047 732 1062 745 ‚
1077 697 1167 742 noli
1186 696 1538 761 Amphitruonem

524 772 735 838 perdere-;

276 851 440 915 Linque
465 849 647 896 collum,
663 861 829 911 precor.

670 945 694 988 J
733 942 767 978 U
806 945 836 978 P
874 943 903 978 P
938 944 959 978 1
996 940 1027 976 T
1064 942 1094 977 Ε
1131 944 1178 979 R.

639 1042 668 1061 -,
732 1013 867 1060 Hunc
899 1024 947 1059 tu
972 1013 1323 1077 Amphitruonem
1346 1012 1567 1060 dictitas?

655 1091 692 1153 13¹
722 1119 752 1153 L
788 1120 818 1153 Ε
853 1120 881 1152 Ρ
920 1120 953 1152 Η
988 1119 1023 1151 Α
1059 1120 1091 1152 R
1128 1120 1176 1153 o.

277 1191 448 1268 Quidni
459 1193 488 1236 ἓ
515 1206 627 1236 unus
649 1190 750 1236 olim
763 1208 780 1238 ;
805 1206 918 1237 nunc
935 1205 1033 1237 vero
1047 1201 1208 1254 partus
1229 1199 1294 1235 est
1308 1192 1533 1252 geminus:

266 1273 403 1322 Dum
425 1285 470 1318 tu
497 1274 563 1319 vis
581 1289 692 1320 esse,
721 1271 833 1317 alter
849 1287 1005 1334 quoque
1023 1274 1110 1316 esse
1123 1270 1278 1336 forma
1297 1288 1380 1318 non
1398 1271 1564 1318 desinit.

277 1347 453 1393 Interea
467 1380 483 1395 ,
506 1361 657 1409 quaeso
670 1379 685 1393 ,
706 1344 864 1389 collum
883 1344 1035 1407 linque.

670 1450 694 1493 J
731 1450 765 1483 U
804 1450 833 1484 P
872 1448 899 1484 P
936 1450 956 1482 1
995 1451 1025 1483 T
1061 1450 1091 1483 E
1128 1451 1175 1484 R.

698 1524 862 1590 Linquo
877 1544 890 1570 :
912 1525 991 1572 sed
1010 1525 1079 1572 dic
1099 1523 1226 1573 mihi,
1245 1523 1466 1572 videturne
1491 1521 1568 1569 tibi

276 1598 386 1647 Istic
408 1598 664 1664 Amphitruo
679 1599 708 1643 ἓ

657 1694 685 1726 Β
721 1694 752 1727 1.
787 1693 818 1726 E
854 1693 882 1726 P
919 1692 954 1726 H
987 1691 1023 1725 A
1059 1693 1092 1726 R
1129 1693 1176 1725 o.

510 1767 692 1831 Uterque
708 1767 888 1830 quidem.

622 1863 658 1895 A
693 1863 736 1907 Μ
774 1863 802 1895 P
839 1862 873 1894 H
910 1862 930 1893 1
968 1861 999 1893 T
1035 1861 1068 1895 R
1106 1859 1141 1892 U
1177 1859 1226 1893 o.

771 1932 890 1977 Proh
912 1947 1071 1977 summe
1092 1926 1299 1994 Juppiter
1314 1929 1333 1973 Ι
1355 1929 1427 1975 ubi
1448 1927 1567 1974 hodie

280 2006 394 2055 Mihi
407 2005 604 2072 formam
635 2005 822 2051 adimis!
844 2022 978 2070 pergo
1008 2019 1235 2068 quaerere:
1263 2015 1363 2049 tune
1389 2001 1569 2068 Amphi-

535 2081 674 2124 truo?

670 2169 1092 2212 JUPPITAE
1128 2168 1176 2202 n.
1457 2195 1467 2206 .

1296 2235 1623 2296 Tunegas?,

635 2333 1230 2372 AMPHITRUO.

280 2416 472 2479 Pernego
489 2450 505 2466 ,
528 2415 695 2479 quando
737 2414 780 2459 T
777 2414 913 2463 lzebis,
927 2425 1104 2478 praeter
1124 2427 1214 2463 me.
1240 2427 1357 2459 nemo
1378 2410 1432 2458 ’st
1454 2411 1566 2459 alter
1634 2453 1636 2456 ,

533 2486 803 2550 Amphitruo.
