1650 2826
24 174 29 179 .
86 173 242 217 v.115
289 152 609 203 ⁴ACTUS
661 150 789 219 1112
839 149 948 198 SC.
998 152 1131 198 111.
1267 169 1358 218 177Α

387 269 1035 306 ARGYRIPPUS.

83 331 574 381 Inscendeactutum.

500 419 938 454 LIBANUS

179 490 280 555 Ego
296 489 464 536 fecero.
478 489 614 534 hem!
631 487 774 549 quid
763 498 882 533 istuc
901 486 1001 532 est?
1019 498 1074 533 ut
1090 498 1144 533 tu
1159 488 1357 535 incedis!

83 565 286 612 Demam
303 563 459 608 hercle
474 561 569 623 jam
585 561 645 606 de
659 560 839 606 hordeo
850 595 863 617 ,
884 560 1078 607 tolutim
1091 559 1142 606 ni
1159 560 1353 607 badizas.

390 660 426 693 A
460 661 494 694 R
529 659 562 693 G
597 661 630 693 Y
667 662 700 694 R
735 662 757 694 Ῑ
794 662 823 695 P
856 662 885 694 P
923 661 957 694 U
993 662 1032 696 S.

82 729 294 788 Amabo,
312 728 518 787 Libane,
545 731 646 793 jam
671 742 738 776 sat
759 742 838 776 est.

500 824 531 857 I.
566 825 587 857 Ῑ
623 825 651 856 Β
687 823 722 856 A
758 824 792 858 N
831 824 867 857 U
903 823 941 858 S.

495 891 779 953 Numquam
796 893 952 940 hercle
969 893 1114 940 hodie
1133 895 1356 942 exorabis,

85 966 208 1012 Nam
219 963 320 1030 jam
340 966 502 1012 calcari
523 966 884 1028 quadrupedem
906 967 1092 1032 agitabo
1110 967 1362 1015 advorsum

340 1040 516 1086 clivom
531 1074 545 1096 ‚

84 1110 248 1157 Postea
275 1111 335 1158 ad
356 1112 548 1172 pistores
568 1112 692 1158 dabo
706 1147 720 1170 ‚
738 1124 795 1159 ut
812 1113 879 1159 ibi
898 1113 1101 1159 cruciere
1124 1129 1324 1159 currens.

87 1183 197 1229 Asta
214 1218 230 1242 ‚
250 1195 306 1230 ut
322 1184 603 1230 descendam
618 1202 749 1232 nunc
763 1187 864 1250 jam
884 1187 935 1232 in
951 1186 1171 1248 proclivi,
1196 1203 1361 1247 quam-

343 1271 490 1316 quam
510 1273 722 1318 nequam
753 1275 811 1303 eS.

398 1349 434 1381 A
467 1350 501 1382 R
540 1350 573 1383 G
607 1351 642 1383 Y
677 1352 710 1384 R
745 1350 766 1383 1
801 1350 829 1382 P
865 1351 894 1383 P
931 1350 966 1382 U
1003 1349 1040 1383 s.

89 1415 228 1486 Quid
255 1417 424 1462 nunc?
460 1418 689 1478 quoniam
723 1418 868 1464 ambo
889 1453 903 1475 ,
931 1430 987 1464 ut
1020 1429 1087 1464 est
1117 1419 1329 1465 lubitum
1348 1453 1365 1477 ‚

342 1506 430 1535 nos
456 1491 599 1536 ambo
634 1491 858 1537 delusistis
875 1526 891 1549 ‚

90 1561 284 1609 Datisne
309 1573 556 1626 argentum
570 1563 592 1608 Ρ

506 1655 942 1689 LIBANUS.

336 1721 584 1783 Siquidem
607 1723 725 1768 mihi
742 1734 942 1770 statuam
963 1736 1010 1770 et
1028 1741 1153 1771 aram
1178 1727 1363 1783 statuis,

90 1766 252 1856 Atque
269 1806 326 1840 ut
342 1794 451 1840 Deo
469 1795 587 1840 mihi
605 1795 680 1841 hic
698 1795 895 1841 inmolas
913 1796 1119 1843 bovem:
1145 1813 1256 1845 nam
1276 1814 1363 1861 ego

342 1865 431 1913 tibi
458 1867 587 1913 Salus
615 1884 733 1913 sum.

513 1961 544 1993 1.
578 1960 607 1992 Ε
645 1962 677 1993 o
713 1962 747 1994 Ν
783 1962 804 1993 1
838 1963 873 1994 D
909 1962 957 1994 A.

90 2035 250 2082 Etiam
275 2047 331 2082 tu
347 2069 360 2092 ,
378 2036 515 2091 here,
539 2035 691 2082 istunc
710 2052 898 2081 amoves
915 2036 994 2081 abs
1014 2046 1063 2080 te
1075 2069 1088 2091 ,
1107 2046 1251 2095 atque
1268 2035 1365 2096 ipse

347 2124 427 2153 me
454 2104 722 2170 aggredire?

92 2183 254 2245 Atque
269 2184 346 2230 illa
360 2184 445 2229 sibi
464 2200 586 2244 quae
602 2184 678 2229 hic
686 2185 879 2247 Jusserat
893 2218 907 2240 ,
925 2183 1043 2229 mihi
1058 2184 1216 2230 statuis
1227 2219 1242 2242 ‚
1257 2201 1365 2247 sup-

345 2256 616 2318 plicasque?

399 2346 434 2378 A
469 2347 502 2379 R
539 2345 572 2378 G
608 2346 644 2378 Y
678 2346 711 2379 R
746 2333 767 2378 1'
803 2346 831 2379 P
866 2345 895 2378 P
933 2346 969 2379 U
1003 2347 1041 2382 s.

98 2410 259 2480 Quem
278 2425 325 2458 te
342 2426 502 2473 autem
517 2413 679 2461 Deum
696 2414 944 2461 nominem
958 2415 980 2460 ?
998 2433 999 2436 ¹

170 2483 252 2529 Vol.
269 2485 307 2529 Ι.
1075 2488 1131 2533 Μ
