1650 2826
102 232 228 278 v-3o
402 204 690 258 ACTUS
736 202 797 255 V.
844 202 947 252 SC.
998 205 1078 251 II.
1279 218 1372 266 543

102 317 238 364 Dum
254 349 269 373 ,
300 314 575 380 gladiumne
604 310 774 361 haboat
792 345 807 370 ‚
845 315 1023 373 quaero
1042 346 1057 370 ,
1092 310 1262 374 arripio
1298 329 1376 359 ca-

67 453 72 460 ’
101 462 220 521 Sed,
250 389 594 524 quotzu'lgltglito
610 492 625 517 ,
656 470 758 506 non
788 459 957 506 habuit
987 458 1230 524 gladium:
1258 475 1372 506 nam

352 553 467 588 esset
499 540 704 605 frigidus.

404 638 433 670 c
469 638 500 671 L
533 637 564 670 Ε
601 638 634 670 o
670 637 693 671 s
730 637 761 669 ‘r
795 638 829 671 R
864 637 899 670 A
933 634 966 670 T
1001 637 1051 670 A.

1119 687 1370 751 Eloquere.

515 773 971 808 OLYMPIO.

103 834 361 897 Atpudet.
706 867 709 884 ,

416 918 1059 953 CLEOSTRATA.

324 990 459 1038 Num
485 989 619 1036 radix
644 988 734 1035 fuit
751 990 774 1035 Ρ

506 1082 540 1115 0
575 1081 606 1115 I.
641 1082 673 1115 Y
712 1082 753 1114 M
790 1083 818 1115 P
857 1082 878 1114 Ι
915 1082 967 1115 Ο.

779 1149 892 1195 Non
918 1149 1023 1195 fuit.

415 1241 443 1273 C
478 1241 509 1274 L
541 1240 572 1273 E
609 1241 641 1273 O
678 1241 700 1274 S
735 1241 767 1273 T
802 1242 835 1274 R
871 1242 906 1274 A
940 1242 972 1275 T
1007 1241 1055 1274 A·

977 1310 1110 1355 Num
1136 1310 1377 1356 cucumis?
1424 1343 1426 1345 -

115 1453 120 1456 ι
511 1402 544 1435 O
580 1403 609 1435 L
645 1402 681 1434 Y
716 1402 759 1434 M
793 1402 821 1434 P
861 1401 883 1433 Ῐ
919 1402 967 1434 Ο.

108 1473 326 1521 Profecto
342 1504 356 1529 ς
384 1473 543 1519 hercle
559 1507 573 1529 ‚
595 1489 695 1518 non
723 1471 813 1517 fuit
840 1470 1109 1532 quidquam
1135 1471 1343 1516 olerum:

105 1548 206 1594 Nisi
219 1582 234 1605 ‚
253 1546 495 1608 quidquid
524 1559 619 1593 erat
633 1582 648 1604 ,
680 1547 911 1598 calamitas
933 1543 1147 1607 profecto
1171 1545 1381 1609 attigerat

355 1634 639 1681 numquam.

104 1693 178 1738 Ita
195 1726 220 1759 ².
239 1692 479 1754 quidquid
504 1705 621 1750 erat,
649 1692 823 1758 grande
853 1703 961 1739 erat.

452 1785 524 1818 ,Μ
559 1784 592 1816 U
631 1785 662 1817 R
698 1786 730 1817 R
767 1785 799 1817 H
836 1785 854 1817 I
891 1785 922 1817 N
961 1783 1008 1816 A·

110 1850 248 1920 Quid
273 1851 329 1897 fit
352 1849 600 1911 denique?
634 1851 858 1896 edisserta.

522 1943 554 1975 O
592 1943 620 1975 I.
657 1943 690 1975 Y
727 1943 767 1976 M
806 1945 833 1976 P
870 1943 889 1975 I
929 1944 977 1975 O.

559 2010 652 2056 Ubi
680 2013 866 2071 appello
885 2046 898 2067 ,
926 2011 1087 2056 Casina
1103 2045 1117 2066 ‚
1146 2011 1343 2070 inquam
1362 2045 1378 2068 ,

110 2080 326 2139 Amabo,
348 2099 453 2128 mea
479 2085 735 2141 uxorcula,
764 2101 846 2130 cur
868 2086 1023 2131 virum
1048 2096 1189 2130 tuum
1215 2086 1276 2130 sic
1302 2103 1379 2131 me

358 2155 566 2215 spernis?

110 2225 265 2272 Nimis
294 2236 349 2271 tu
382 2226 579 2286 quidem
611 2226 765 2273 hercle
799 2227 1017 2274 inmerito

112 2295 227 2344 Meo
249 2299 366 2344 mihi
396 2299 509 2345 haec
537 2299 666 2346 facis:
700 2301 811 2360 quia
834 2301 949 2345 mihi
976 2313 1023 2347 te
1049 2302 1265 2364 ex'petivi.

110 2370 197 2416 Illa
222 2372 353 2419 haud
400 2374 601 2420 verbum
632 2373 740 2420 facit
760 2408 776 2432 ,
812 2385 858 2420 et
884 2374 1002 2435 sepit
1025 2387 1152 2423 veste
1185 2377 1263 2434 id,
1298 2377 1382 2437 qui

365 2458 478 2491 esus.
