1650 2826
98 192 192 228 Μ
284 133 286 135 ’
360 169 642 221 AGTUS
696 167 800 217 1-v.
856 167 964 217 sc.
1018 168 1080 215 x.
1286 145 1382 231 2⁸5⁷*

563 290 597 324 1²:
630 289 667 323 U
701 289 729 321 C
764 287 794 321 L
829 287 850 320 1
886 287 934 320 Ο.

266 360 426 407 Immo
454 374 542 424 ego
568 375 675 404 sum
697 357 860 413 miser,
882 365 930 400 et
952 355 1117 400 misere
1141 355 1376 416 perditus,

102 433 239 503 Quoi
264 444 394 480 tanta
413 433 558 489 mala,
575 427 963 488 maestitudoque
982 427 1167 492 obtigit.

450 520 1024 559 LYCONIDES.

945 579 1123 626 Animo
1154 580 1287 627 bono
1316 597 1376 627 es.

542 658 572 691 Ε
609 658 651 713 U.
680 657 707 690 c
742 657 772 690 Ι,
808 657 828 689 1
865 657 914 691 o.

102 724 218 794 Quo
233 727 262 780 ,⁰
270 720 463 768 obsecro
477 753 491 775 ,
509 729 649 779 pacto
669 733 760 762 esse
783 717 1007 778 possum?

457 812 489 846 1,
524 812 557 844 Y
594 812 620 843 c
658 811 690 843 o
726 810 758 842 N
793 810 814 842 1
849 811 884 842 D
920 809 951 841 E
988 807 1025 841 s.

575 877 703 947 Quia
722 876 840 922 istuc
859 874 1035 922 facinus
1049 909 1062 932 ,
1082 877 1219 937 quod
1236 888 1378 925 tuum

106 953 332 1000 Sollicitat
359 952 575 998 animum
591 984 605 1006 ‚
628 948 679 993 id
700 963 787 1011 ego
815 944 926 1004 feci,
950 958 997 992 et
1021 946 1181 994 fateor.

551 1042 925 1076 EUCLIO.

744 1112 881 1181 Quid
914 1129 1001 1177 ego
1032 1129 1092 1159 ex
1122 1124 1171 1159 te
1198 1112 1375 1160 audio?

460 1202 491 1236 L
530 1203 562 1235 Y
602 1205 628 1236 c
665 1204 697 1236 o
731 1204 764 1236 Ν
799 1205 820 1236 1
855 1205 891 1237 D
925 1206 956 1238 E
991 1204 1029 1238 s.

108 1266 168 1313 Id
195 1264 330 1328 quod
353 1280 523 1310 verum
544 1264 611 1308 ’st.

576 1348 605 1380 Ε
642 1348 678 1380 U
713 1348 740 1379 c
777 1348 807 1380 1.
842 1349 863 1382 1
898 1349 947 1382 o.

432 1406 568 1477 Quid
592 1423 679 1470 ego
704 1408 908 1464 emerui,
926 1407 1221 1466 adulescens,
1238 1408 1380 1467 mali,

111 1480 442 1552 Quamobrem
478 1480 542 1525 ita
574 1479 743 1525 faceres
763 1514 777 1535 ,
806 1496 984 1540 meque
1016 1497 1245 1542 meosque
1275 1497 1384 1543 per-

363 1552 520 1598 ditum
554 1552 638 1598 ires
666 1552 835 1597 liberos
854 1553 876 1597 Ρ
1150 1547 1157 1557 ’

465 1637 497 1668 Ι,
533 1637 567 1669 Y
603 1638 631 1669 c
668 1637 700 1669 ο
737 1638 769 1669 N
803 1638 824 1669 Ι
859 1639 896 1671 D
929 1639 960 1671 Ε
996 1637 1035 1672 S.

114 1698 243 1746 Deus
258 1698 468 1758 inpulsor
484 1697 603 1743 mihi
618 1696 710 1743 fuit
722 1733 736 1754 ,
750 1697 786 1743 is
803 1715 883 1744 me
896 1698 957 1744 ad
971 1698 1101 1744 illam
1116 1698 1299 1744 inlexit.

562 1787 593 1820 E
629 1788 663 1820 U
701 1788 730 1820 C
762 1787 794 1821 Ι,
827 1789 849 1821 1
885 1789 932 1823 0.

1059 1839 1384 1910 Quomodo?

463 1914 1030 1950 LYCONIDES.

117 1976 284 2024 Fateor
317 1974 573 2038 peccavisse
589 2011 604 2033 ,
633 1987 681 2023 et
710 1978 831 2022 hanc
860 1994 939 2023 me
973 1977 1163 2040 culpam
1193 1994 1386 2026 conme-

368 2058 513 2093 ntum
543 2063 649 2092 scio.
1395 2097 1400 2102 ,

119 2119 179 2165 Id
209 2119 327 2164 adeo
363 2130 412 2164 te
451 2129 636 2163 oratum
670 2118 870 2165 advenio
888 2153 903 2177 ,
941 2130 998 2165 ut
1034 2121 1194 2167 animo
1229 2137 1387 2183 aequo

359 2191 573 2254 *ignoscas
604 2192 735 2237 mihi.

573 2282 604 2315 Ε
640 2283 674 2315 U
710 2283 736 2315 c
771 2284 802 2316 L
836 2282 857 2316 1
894 2284 939 2317 o.

123 2341 226 2397 Cur·
236 2343 287 2388 id
296 2360 436 2388 ausus
453 2342 625 2400 facere,
645 2354 701 2391 ut
715 2343 792 2403 id,
816 2344 953 2406 quod
966 2361 1068 2393 non
1083 2347 1397 2408 tv.1um'esset,·³

373 2415 611 2479 tangeres?

196 2475 282 2524 Vol.
307 2479 346 2524 I.
1114 2482 1158 2534 R
