1650 2826
124 221 252 266 ιη
386 203 430 251 Α
452 196 675 250 C'TUS
706 195 745 245 Ἰ
762 192 835 247 H.
869 197 901 245 S
923 197 975 244 C.
1027 196 1126 245 IV.
1305 212 1396 257 4¹2⁷

341 315 1181 359 ARLST-QPHONTES.

125 391 263 464 Quid
281 402 337 439 tu
353 401 512 438 autem
524 424 539 448 ,
563 389 704 435 etiam
723 387 836 434 huic
855 385 1000 433 credis
1020 418 1065 427 .-

448 487 450 489 ’
512 485 520 491 '
568 482 632 516 'H
667 481 698 514 E
737 481 768 514 G
803 481 824 514 1
862 481 910 514 O.

312 605 315 609 ,
576 552 717 623 Quid
735 569 823 618 ego
847 552 1036 598 credam
1053 549 1164 596 huic
1177 548 1200 594 ?

171 650 193 660 ⁴
329 634 1174 681 AnlsT'oPnoNTEs.

917 713 1146 758 Insanum
1168 722 1260 752 esse
1285 703 1400 749 me?

355 818 400 845 s
498 799 530 832 'r
565 800 600 832 Y
633 800 669 833 Ν
703 799 740 831 D
777 798 812 831 A
845 799 879 832 R
915 798 951 830 U
988 797 1026 830 s.

123 869 293 918 Viden’
313 881 368 916 tu
393 869 555 927 hunc,
586 886 731 931 quam
761 869 956 914 inimico
987 869 1125 915 voltu
1148 860 1399 911 intuetur?

370 941 569 992 concedi
607 952 867 1003 optumum
897 941 964 987 ’st.

119 1015 304 1081 Hegio,
330 1017 384 1062 fit
406 1016 543 1077 quod
561 1015 649 1061 tibi
672 1032 760 1080 ego
787 1015 910 1060 dixi:
935 1012 1084 1078 gliscit
1104 1011 1264 1058 rabies.
1286 1023 1398 1054 cave

345 1089 466 1136 sibi.

595 1173 629 1206 H
664 1174 694 1205 E
732 1172 764 1206 G
799 1174 819 1208 1
857 1174 904 1208 Ο.

119 1239 310 1287 Ctedidi
339 1256 431 1285 esse
454 1241 670 1285 insanum
698 1243 939 1301 extemplo
956 1275 970 1297 ,
1000 1240 1087 1287 ubi
1116 1251 1164 1284 te
1192 1234 1396 1299 appella-

302 1316 324 1338 ⁸
365 1312 438 1363 'vit
471 1312 770 1374 Tyndarum.

178 1445 181 1449 ,
492 1405 522 1436 T
558 1405 592 1437 Y
627 1405 660 1437 N
696 1406 731 1437 D
767 1405 802 1437 A
838 1407 871 1438 R
907 1405 943 1437 U
978 1405 1017 1438 s.

119 1474 256 1544 Quin
293 1492 432 1522 suum
461 1474 558 1535 ipse
590 1473 834 1520 interdurn
863 1475 1047 1538 ignorat
1075 1488 1285 1530 nomen,
1309 1487 1393 1517 ne·-

375 1563 471 1608 que
502 1546 586 1595 scit
620 1546 707 1607 qui
738 1547 835 1591 siet.

430 1653 432 1655 ·
584 1640 632 1672 Η
667 1639 696 1670 Ε
734 1638 766 1669 G
802 1639 821 1670 1
857 1639 918 1671 ο.

116 1691 181 1739 At
208 1691 351 1739 etiam
369 1702 418 1738 te
436 1708 577 1737 suum
595 1691 804 1736 sodalem
830 1707 922 1736 esse
951 1690 1116 1754 ajebat.

471 1784 1000 1818 TYNDARUS.

933 1853 1081 1899 Haud
1104 1853 1204 1900 vidi
1226 1853 1385 1917 magis.

114 1924 177 1971 Et
195 1923 394 1985 quidem
411 1923 635 1970 Alcmaeo
649 1935 826 1986 ‚atque
849 1925 1062 1983 Oroetes‚
1082 1939 1129 1972 et
1147 1928 1388 1989 Lycurgus

362 2007 526 2057 postea

15 2057 30 2099 ἶ
70 2109 73 2113 ,
111 2069 217 2117 Una
236 2085 378 2131 opera
399 2067 518 2113 mihi
543 2080 653 2114 sunt
675 2068 852 2115 sodales
871 2104 886 2126 ‚
905 2087 1001 2130 qua
1018 2071 1115 2116 iste.

331 2148 1181 2219 ARISTOPHON'IJES.

892 2234 957 2281 At
975 2235 1118 2280 etiam
1133 2270 1147 2292 ‚
1165 2234 1354 2283 furcifer
1368 2272 1387 2295 ,

110 2303 235 2351 Male
261 2307 379 2353 mihi
408 2307 546 2368 loqui
570 2308 748 2355 audes?
776 2326 878 2355 non
899 2325 987 2373 ego
1010 2320 1059 2355 te
1081 2309 1234 2356 novi?
1278 2333 1282 2337 -

588 2403 624 2437 Η
656 2405 687 2437 Ε
725 2405 757 2437 G
792 2405 812 2438 1
849 2405 897 2438 o.

695 2473 782 2520 Pol
807 2475 1007 2536 planum
1023 2474 1075 2520 id
1098 2476 1294 2538 quidem
1316 2487 1382 2522 est
