1650 2826
121 208 245 244 ιιι
409 177 728 238 ἈΕΤΠΞῨ
770 185 853 232 11.
905 183 1012 231 SC.
1062 183 1100 229 1.
1302 198 1391 245 ⁹9⁷

123 302 204 349 Tu
227 301 326 348 Diis
346 314 435 346 nec
461 308 587 349 recte
611 294 746 340 dicisz
775 290 876 339 non
904 307 1111 353 aequom
1136 289 1260 338 facis·

589 388 688 423 LssY
726 388 761 420 D
799 387 832 420 U
872 386 934 420 Ss

131 461 211 508 An
234 461 363 508 Deus
385 469 452 505 est
473 458 595 504 ullus
621 453 1043 502 Suavis-suaviatio
1058 453 1082 499 Ρ

415 544 1103 584 PrsTOCLERUs.

124 620 203 668 'An
236 636 335 666 non
367 618 539 681 putasti
574 617 700 663 esse?
735 616 939 662 nimium
969 632 1141 676 quam,
1176 629 1205 659 o
1229 613 1392 676 Lyde,

375 706 419 735 es
451 688 669 740 barbarus
690 689 700 732 !

125 761 290 831 Quem
321 777 408 826 ego
436 776 592 821 sapere
613 759 772 817 'nimio
800 758 956 804 censui
979 758 1085 818 plus
1105 772 1250 818 quam
1267 756 1403 815 Tha--

382 835 478 879 lem
496 868 511 890 ,

125 903 183 961 I,
217 905 401 950 stultior
436 921 481 949 es
511 903 709 949 barbaro
739 903 945 959 Potitio,

128 977 231 1047 Qui
262 988 430 1046 tantus*
446 988 558 1029 natu
574 1011 588 1034 ,
610 977 824 1022 Deorum
853 975 995 1022 nescis
1017 974 1227 1021 nomina.

604 1067 633 1100 L
670 1068 704 1100 Y
741 1069 774 1100 D
811 1067 843 1099 U
883 1067 922 1101 S.

129 1133 243 1180 Non
273 1136 349 1181 hic
374 1136 528 1196 placet
553 1136 619 1182 mi
647 1147 848 1182 ornatus.

88 1199 91 1213 ³
417 1228 1106 1262 PISTOCLERUS.

315 1336 319 1340 .
914 1297 1068 1341 Nemo
1104 1312 1213 1358 ergo
1243 1296 1332 1340 tibi

132 1368 242 1415 Hoc
264 1368 529 1429 apparavit:
557 1369 675 1414 mihi
699 1379 913 1429 paratum
931 1370 987 1414 'st
1002 1403 1015 1425 ,
1040 1369 1154 1429 quoi
1180 1370 1346 1429 placet.

607 1461 636 1493 L
673 1462 706 1493 Y
746 1462 780 1493 D
817 1461 850 1493 U
887 1461 925 1494 S.
978 1486 981 1488 -

127 1529 281 1574 Etiam
310 1545 388 1573 me
416 1528 634 1574 advorsus
666 1527 877 1573 exordire
906 1528 1099 1591 argutias
1116 1527 1138 1571 Ρ

130 1601 230 1669 Qui
257 1602 293 1646 si
330 1602 494 1646 decem
526 1601 693 1645 habeas
727 1599 935 1664 linguas,
965 1611 1158 1646 mutum
1191 1613 1284 1643 esse
1313 1595 1396 1641 ad·-

384 1673 532 1719 decet.
895 1680 904 1690 “

417 1769 1101 1820 Ριετῆοοιιεῑιυε.

129 1836 242 1882 Non
270 1835 420 1880 omnis
452 1846 570 1880 aetas
587 1869 600 1891 ‚
626 1835 767 1898 Lyde
787 1871 799 1892 ‚
832 1835 950 1881 ludo
981 1835 1217 1881 convenit.

130 1909 275 1972 Magis
307 1925 460 1954 unum
498 1909 547 1952 in
578 1920 738 1954 mente
768 1910 821 1954 ’st
854 1910 972 1954 mihi
1010 1909 1166 1967 nunc,
1202 1910 1303 1956 satis
1341 1918 1398 1955 ut

380 1976 632 2026 commode

130 2054 221 2099 Pro
256 2053 480 2117 dignitate
508 2053 676 2099 obsoni
701 2054 814 2099 haec
847 2067 1072 2101 concuret
1102 2071 1253 2101 cocus·

599 2146 629 2178 L
666 2146 699 2178 Y
734 2147 769 2178 D
808 2147 842 2179 U
879 2147 916 2180 s.

128 2214 232 2273 Jam
250 2214 491 2275 perdidisti
504 2226 569 2271 te,
583 2226 728 2275 atque
741 2233 834 2273 me,
852 2228 997 2277 atque
1012 2206 1206 2278 operam
1222 2235 1396 2278 meam,

134 2287 235 2354 Qui
262 2288 348 2333 tibi
377 2288 705 2348 nequidquam
737 2306 870 2350 saepe
900 2291 1153 2336 monstravi
1184 2290 1319 2338 bene.

426 2382 1110 2418 PISTocLERUS.

135 2437 321 2486 Ibidem
337 2458 424 2506 ego
441 2459 599 2488 meam
617 2457 806 2504 operam
817 2443 1002 2504 perdidi
1013 2479 1027 2503 ,
1044 2444 1129 2491 ubi
1144 2456 1200 2490 tu
1211 2455 1369 2491 tuam:
