<?xml version="1.0" encoding="UTF-8"?>
<!DOCTYPE html PUBLIC "-//W3C//DTD XHTML 1.0 Transitional//EN"
    "http://www.w3.org/TR/xhtml1/DTD/xhtml1-transitional.dtd">
<html xmlns="http://www.w3.org/1999/xhtml" xml:lang="en" lang="en">
 <head>
  <title>
</title>
<meta http-equiv="Content-Type" content="text/html;charset=utf-8" />
  <meta name='ocr-system' content='tesseract 3.04.00' />
  <meta name='ocr-capabilities' content='ocr_page ocr_carea ocr_par ocr_line ocrx_word'/>
</head>
<body>
  <div class='ocr_page' id='page_1' title='image "./comoediaesuperst01plauuoft_0248.png"; bbox 0 0 1650 2826; ppageno 0'>
   <div class='ocr_carea' id='block_1_1' title="bbox 222 198 1499 266">
    <p class='ocr_par' dir='ltr' id='par_1_1' title="bbox 222 198 1499 266">
     <span class='ocr_line' id='line_1_1' title="bbox 222 198 1499 266; baseline -0.002 -16"><span class='ocrx_word' id='word_1_1' title='bbox 222 219 308 266; x_wconf 72' lang='lat'><strong>194.</strong></span> <span class='ocrx_word' id='word_1_2' title='bbox 585 198 1124 246; x_wconf 84' lang='lat' dir='ltr'>ASINARIA.</span> <span class='ocrx_word' id='word_1_3' title='bbox 1373 214 1499 259; x_wconf 57' lang='lat'>1251</span> 
     </span>
    </p>
   </div>
   <div class='ocr_carea' id='block_1_2' title="bbox 216 321 1504 888">
    <p class='ocr_par' dir='ltr' id='par_1_2' title="bbox 216 321 1504 888">
     <span class='ocr_line' id='line_1_2' title="bbox 526 321 1196 357; baseline -0.004 0"><span class='ocrx_word' id='word_1_4' title='bbox 526 324 563 357; x_wconf 81' lang='lat' dir='ltr'>D</span> <span class='ocrx_word' id='word_1_5' title='bbox 598 322 628 356; x_wconf 79' lang='lat' dir='ltr'>E</span> <span class='ocrx_word' id='word_1_6' title='bbox 666 321 709 355; x_wconf 85' lang='lat' dir='ltr'><strong>M</strong></span> <span class='ocrx_word' id='word_1_7' title='bbox 744 321 779 355; x_wconf 82' lang='lat' dir='ltr'>A</span> <span class='ocrx_word' id='word_1_8' title='bbox 814 321 844 354; x_wconf 88' lang='lat' dir='ltr'>E</span> <span class='ocrx_word' id='word_1_9' title='bbox 879 321 914 355; x_wconf 86' lang='lat' dir='ltr'>N</span> <span class='ocrx_word' id='word_1_10' title='bbox 949 322 978 355; x_wconf 83' lang='lat' dir='ltr'>E</span> <span class='ocrx_word' id='word_1_11' title='bbox 1018 322 1048 355; x_wconf 92' lang='lat' dir='ltr'>T</span> <span class='ocrx_word' id='word_1_12' title='bbox 1085 322 1121 355; x_wconf 87' lang='lat' dir='ltr'>U</span> <span class='ocrx_word' id='word_1_13' title='bbox 1156 321 1196 356; x_wconf 82' lang='lat' dir='ltr'>S.</span> 
     </span>
     <span class='ocr_line' id='line_1_3' title="bbox 378 384 1504 461; baseline -0.004 -14"><span class='ocrx_word' id='word_1_14' title='bbox 378 395 580 461; x_wconf 82' lang='lat' dir='ltr'><strong>Egone?</strong></span> <span class='ocrx_word' id='word_1_15' title='bbox 609 395 739 443; x_wconf 80' lang='lat' dir='ltr'>issam</span> <span class='ocrx_word' id='word_1_16' title='bbox 766 410 898 442; x_wconf 87' lang='lat' dir='ltr'><strong>nunc</strong></span> <span class='ocrx_word' id='word_1_17' title='bbox 925 411 1035 442; x_wconf 83' lang='lat' dir='ltr'>amo</span> <span class='ocrx_word' id='word_1_18' title='bbox 1052 428 1066 452; x_wconf 87' lang='lat'>,</span> <span class='ocrx_word' id='word_1_19' title='bbox 1093 394 1207 456; x_wconf 84' lang='lat' dir='ltr'>quia</span> <span class='ocrx_word' id='word_1_20' title='bbox 1233 384 1336 451; x_wconf 65' lang='lat' dir='ltr'>non&#39;</span> <span class='ocrx_word' id='word_1_21' title='bbox 1361 395 1504 443; x_wconf 83' lang='lat' dir='ltr'><strong>adest.</strong></span> 
     </span>
     <span class='ocr_line' id='line_1_4' title="bbox 533 498 1181 536; baseline -0.005 -1"><span class='ocrx_word' id='word_1_22' title='bbox 533 502 569 535; x_wconf 88' lang='lat' dir='ltr'>A</span> <span class='ocrx_word' id='word_1_23' title='bbox 606 503 639 536; x_wconf 81' lang='lat' dir='ltr'>R</span> <span class='ocrx_word' id='word_1_24' title='bbox 676 500 710 534; x_wconf 84' lang='lat' dir='ltr'>G</span> <span class='ocrx_word' id='word_1_25' title='bbox 746 501 780 534; x_wconf 83' lang='lat' dir='ltr'>Y</span> <span class='ocrx_word' id='word_1_26' title='bbox 815 502 850 535; x_wconf 82' lang='lat' dir='ltr'>R</span> <span class='ocrx_word' id='word_1_27' title='bbox 883 501 904 534; x_wconf 93' lang='lat'>1</span> <span class='ocrx_word' id='word_1_28' title='bbox 940 500 970 533; x_wconf 82' lang='lat' dir='ltr'>P</span> <span class='ocrx_word' id='word_1_29' title='bbox 1004 500 1033 533; x_wconf 82' lang='lat' dir='ltr'>P</span> <span class='ocrx_word' id='word_1_30' title='bbox 1070 500 1106 533; x_wconf 84' lang='lat' dir='ltr'>U</span> <span class='ocrx_word' id='word_1_31' title='bbox 1142 498 1181 532; x_wconf 89' lang='lat' dir='ltr'>s.</span> 
     </span>
     <span class='ocr_line' id='line_1_5' title="bbox 216 576 752 650; baseline -0.007 -24"><span class='ocrx_word' id='word_1_32' title='bbox 216 578 379 650; x_wconf 73' lang='lat' dir='ltr'>Quid,</span> <span class='ocrx_word' id='word_1_33' title='bbox 409 595 562 642; x_wconf 88' lang='lat' dir='ltr'>quom</span> <span class='ocrx_word' id='word_1_34' title='bbox 588 576 752 624; x_wconf 79' lang='lat' dir='ltr'>adest?</span> 
     </span>
     <span class='ocr_line' id='line_1_6' title="bbox 526 675 1197 714; baseline -0.004 0"><span class='ocrx_word' id='word_1_35' title='bbox 526 681 563 714; x_wconf 85' lang='lat' dir='ltr'>D</span> <span class='ocrx_word' id='word_1_36' title='bbox 598 679 627 712; x_wconf 83' lang='grc' dir='ltr'>Ε</span> <span class='ocrx_word' id='word_1_37' title='bbox 665 678 708 711; x_wconf 91' lang='grc' dir='ltr'><strong>Μ</strong></span> <span class='ocrx_word' id='word_1_38' title='bbox 743 675 779 710; x_wconf 77' lang='lat' dir='ltr'>A</span> <span class='ocrx_word' id='word_1_39' title='bbox 813 676 843 710; x_wconf 80' lang='grc' dir='ltr'>Ε</span> <span class='ocrx_word' id='word_1_40' title='bbox 878 676 912 709; x_wconf 79' lang='lat' dir='ltr'>N</span> <span class='ocrx_word' id='word_1_41' title='bbox 947 675 978 708; x_wconf 82' lang='grc' dir='ltr'><strong>Ε</strong></span> <span class='ocrx_word' id='word_1_42' title='bbox 1015 675 1047 708; x_wconf 86' lang='grc' dir='ltr'><strong>Τ</strong></span> <span class='ocrx_word' id='word_1_43' title='bbox 1085 677 1120 710; x_wconf 85' lang='lat' dir='ltr'>U</span> <span class='ocrx_word' id='word_1_44' title='bbox 1159 676 1197 711; x_wconf 87' lang='lat' dir='ltr'>s.</span> 
     </span>
     <span class='ocr_line' id='line_1_7' title="bbox 509 749 878 812; baseline -0.019 -11"><span class='ocrx_word' id='word_1_45' title='bbox 509 752 697 801; x_wconf 82' lang='lat' dir='ltr'>Periisse</span> <span class='ocrx_word' id='word_1_46' title='bbox 719 749 878 812; x_wconf 83' lang='lat' dir='ltr'>cupio.</span> 
     </span>
     <span class='ocr_line' id='line_1_8' title="bbox 578 849 1149 888; baseline -0.007 0"><span class='ocrx_word' id='word_1_47' title='bbox 578 854 608 888; x_wconf 82' lang='lat' dir='ltr'><strong>P</strong></span> <span class='ocrx_word' id='word_1_48' title='bbox 644 852 678 887; x_wconf 88' lang='lat' dir='ltr'>A</span> <span class='ocrx_word' id='word_1_49' title='bbox 714 853 748 886; x_wconf 99' lang='lat' dir='ltr'>R</span> <span class='ocrx_word' id='word_1_50' title='bbox 782 851 817 884; x_wconf 91' lang='lat' dir='ltr'>A</span> <span class='ocrx_word' id='word_1_51' title='bbox 855 849 876 884; x_wconf 90' lang='lat' dir='ltr'><strong>S</strong></span> <span class='ocrx_word' id='word_1_52' title='bbox 913 851 934 885; x_wconf 92' lang='lat'>1</span> <span class='ocrx_word' id='word_1_53' title='bbox 971 851 1002 885; x_wconf 89' lang='lat' dir='ltr'>T</span> <span class='ocrx_word' id='word_1_54' title='bbox 1038 850 1075 884; x_wconf 87' lang='lat' dir='ltr'>U</span> <span class='ocrx_word' id='word_1_55' title='bbox 1112 849 1149 884; x_wconf 84' lang='lat' dir='ltr'>S.</span> 
     </span>
    </p>
   </div>
   <div class='ocr_carea' id='block_1_3' title="bbox 586 919 1506 1072">
    <p class='ocr_par' dir='ltr' id='par_1_3' title="bbox 586 919 1506 1072">
     <span class='ocr_line' id='line_1_9' title="bbox 635 919 1506 991; baseline -0.006 -13"><span class='ocrx_word' id='word_1_56' title='bbox 635 931 780 987; x_wconf 61' lang='lat' dir='ltr'>Amat</span> <span class='ocrx_word' id='word_1_57' title='bbox 806 933 957 986; x_wconf 86' lang='lat' dir='ltr'>homo</span> <span class='ocrx_word' id='word_1_58' title='bbox 984 919 1061 977; x_wconf 81' lang='lat' dir='ltr'>hic</span> <span class='ocrx_word' id='word_1_59' title='bbox 1084 942 1134 976; x_wconf 85' lang='lat' dir='ltr'>te</span> <span class='ocrx_word' id='word_1_60' title='bbox 1150 963 1163 987; x_wconf 87' lang='lat'>‚</span> <span class='ocrx_word' id='word_1_61' title='bbox 1185 941 1240 976; x_wconf 89' lang='lat' dir='ltr'>ut</span> <span class='ocrx_word' id='word_1_62' title='bbox 1259 927 1506 991; x_wconf 72' lang='lat' dir='ltr'>praedIcat.</span> 
     </span>
     <span class='ocr_line' id='line_1_10' title="bbox 586 1036 1129 1072; baseline -0.002 -2"><span class='ocrx_word' id='word_1_63' title='bbox 586 1036 623 1070; x_wconf 82' lang='lat' dir='ltr'>A</span> <span class='ocrx_word' id='word_1_64' title='bbox 657 1039 692 1071; x_wconf 88' lang='lat' dir='ltr'>R</span> <span class='ocrx_word' id='word_1_65' title='bbox 727 1036 759 1070; x_wconf 89' lang='lat' dir='ltr'>T</span> <span class='ocrx_word' id='word_1_66' title='bbox 794 1037 824 1070; x_wconf 88' lang='lat' dir='ltr'>E</span> <span class='ocrx_word' id='word_1_67' title='bbox 861 1037 904 1072; x_wconf 92' lang='lat' dir='ltr'>M</span> <span class='ocrx_word' id='word_1_68' title='bbox 942 1037 974 1070; x_wconf 93' lang='grc' dir='ltr'>Ο</span> <span class='ocrx_word' id='word_1_69' title='bbox 1011 1037 1044 1070; x_wconf 83' lang='grc' dir='ltr'>Ν</span> <span class='ocrx_word' id='word_1_70' title='bbox 1081 1036 1129 1070; x_wconf 86' lang='lat' dir='ltr'>A.</span> 
     </span>
    </p>
   </div>
   <div class='ocr_carea' id='block_1_4' title="bbox 215 1112 1510 1571">
    <p class='ocr_par' dir='ltr' id='par_1_4' title="bbox 215 1112 1510 1571">
     <span class='ocr_line' id='line_1_11' title="bbox 222 1112 1510 1163; baseline -0.005 0"><span class='ocrx_word' id='word_1_71' title='bbox 222 1117 322 1163; x_wconf 85' lang='lat' dir='ltr'>Nae</span> <span class='ocrx_word' id='word_1_72' title='bbox 349 1115 430 1162; x_wconf 87' lang='lat' dir='ltr'>ille</span> <span class='ocrx_word' id='word_1_73' title='bbox 462 1124 640 1161; x_wconf 82' lang='lat' dir='ltr'>ecastor</span> <span class='ocrx_word' id='word_1_74' title='bbox 669 1113 912 1161; x_wconf 83' lang='lat' dir='ltr'>foenerato</span> <span class='ocrx_word' id='word_1_75' title='bbox 944 1113 1154 1160; x_wconf 63' lang='lat' dir='ltr'><strong>fu&#39;nditat</strong></span> <span class='ocrx_word' id='word_1_76' title='bbox 1173 1132 1186 1159; x_wconf 66' lang='grc' dir='ltr'>ε</span> <span class='ocrx_word' id='word_1_77' title='bbox 1219 1129 1333 1160; x_wconf 86' lang='lat' dir='ltr'>nam</span> <span class='ocrx_word' id='word_1_78' title='bbox 1359 1113 1395 1158; x_wconf 88' lang='lat' dir='ltr'>si</span> <span class='ocrx_word' id='word_1_79' title='bbox 1425 1112 1510 1158; x_wconf 92' lang='lat' dir='ltr'>do·-</span> 
     </span>
     <span class='ocr_line' id='line_1_12' title="bbox 215 1178 617 1236; baseline -0.002 1"><span class='ocrx_word' id='word_1_80' title='bbox 215 1228 217 1230; x_wconf 94' lang='lat'>.</span> <span class='ocrx_word' id='word_1_81' title='bbox 476 1178 617 1236; x_wconf 61' lang='lat' dir='ltr'>mum</span> 
     </span>
     <span class='ocr_line' id='line_1_13' title="bbox 221 1261 1510 1327; baseline -0.005 -13"><span class='ocrx_word' id='word_1_82' title='bbox 221 1265 433 1318; x_wconf 77' lang='lat' dir='ltr'>Redierit</span> <span class='ocrx_word' id='word_1_83' title='bbox 459 1263 606 1319; x_wconf 84' lang='lat' dir='ltr'>hodie</span> <span class='ocrx_word' id='word_1_84' title='bbox 621 1296 636 1321; x_wconf 85' lang='lat'>‚</span> <span class='ocrx_word' id='word_1_85' title='bbox 669 1262 928 1314; x_wconf 78' lang='lat' dir='ltr'>osculando</span> <span class='ocrx_word' id='word_1_86' title='bbox 964 1279 1053 1327; x_wconf 83' lang='lat' dir='ltr'>ego</span> <span class='ocrx_word' id='word_1_87' title='bbox 1081 1262 1273 1313; x_wconf 75' lang='lat' dir='ltr'>ulciscat</span> <span class='ocrx_word' id='word_1_88' title='bbox 1308 1261 1510 1324; x_wconf 83' lang='lat' dir='ltr'>potissu-</span> 
     </span>
     <span class='ocr_line' id='line_1_14' title="bbox 477 1353 631 1383; baseline -0.013 0"><span class='ocrx_word' id='word_1_89' title='bbox 477 1353 631 1383; x_wconf 89' lang='lat' dir='ltr'><strong>mum.</strong></span> 
     </span>
     <span class='ocr_line' id='line_1_15' title="bbox 534 1434 1187 1480; baseline -0.005 -7"><span class='ocrx_word' id='word_1_90' title='bbox 534 1440 573 1473; x_wconf 91' lang='lat' dir='ltr'>A</span> <span class='ocrx_word' id='word_1_91' title='bbox 607 1439 641 1473; x_wconf 84' lang='lat' dir='ltr'>R</span> <span class='ocrx_word' id='word_1_92' title='bbox 679 1438 710 1480; x_wconf 88' lang='lat' dir='ltr'>G</span> <span class='ocrx_word' id='word_1_93' title='bbox 748 1438 783 1471; x_wconf 89' lang='lat' dir='ltr'>Y</span> <span class='ocrx_word' id='word_1_94' title='bbox 818 1438 853 1473; x_wconf 89' lang='lat' dir='ltr'>R</span> <span class='ocrx_word' id='word_1_95' title='bbox 887 1438 909 1471; x_wconf 90' lang='lat' dir='ltr'>I</span> <span class='ocrx_word' id='word_1_96' title='bbox 945 1437 974 1479; x_wconf 64' lang='grc' dir='ltr'><strong>Ρ</strong></span> <span class='ocrx_word' id='word_1_97' title='bbox 1009 1437 1037 1479; x_wconf 72' lang='lat' dir='ltr'>P</span> <span class='ocrx_word' id='word_1_98' title='bbox 1075 1434 1110 1477; x_wconf 78' lang='lat' dir='ltr'>U</span> <span class='ocrx_word' id='word_1_99' title='bbox 1147 1437 1187 1472; x_wconf 88' lang='lat' dir='ltr'>S.</span> 
     </span>
     <span class='ocr_line' id='line_1_16' title="bbox 220 1507 1330 1571; baseline -0.001 -16"><span class='ocrx_word' id='word_1_100' title='bbox 220 1509 357 1567; x_wconf 77' lang='lat' dir='ltr'><strong>jace,</strong></span> <span class='ocrx_word' id='word_1_101' title='bbox 382 1518 515 1570; x_wconf 81' lang='lat' dir='ltr'><strong>pater</strong></span> <span class='ocrx_word' id='word_1_102' title='bbox 530 1542 544 1566; x_wconf 84' lang='lat'>,</span> <span class='ocrx_word' id='word_1_103' title='bbox 570 1509 688 1555; x_wconf 82' lang='lat' dir='ltr'>talos</span> <span class='ocrx_word' id='word_1_104' title='bbox 704 1543 718 1567; x_wconf 88' lang='lat'>‚</span> <span class='ocrx_word' id='word_1_105' title='bbox 745 1519 802 1554; x_wconf 90' lang='lat' dir='ltr'>ut</span> <span class='ocrx_word' id='word_1_106' title='bbox 826 1524 969 1570; x_wconf 84' lang='lat' dir='ltr'>porro</span> <span class='ocrx_word' id='word_1_107' title='bbox 992 1524 1080 1554; x_wconf 87' lang='lat' dir='ltr'>nos</span> <span class='ocrx_word' id='word_1_108' title='bbox 1091 1507 1330 1571; x_wconf 78' lang='lat' dir='ltr'>jaciamus.</span> 
     </span>
    </p>
   </div>
   <div class='ocr_carea' id='block_1_5' title="bbox 531 1604 1510 1703">
    <p class='ocr_par' dir='ltr' id='par_1_5' title="bbox 531 1604 1510 1703">
     <span class='ocr_line' id='line_1_17' title="bbox 531 1604 1343 1644; baseline -0.002 -5"><span class='ocrx_word' id='word_1_109' title='bbox 531 1604 1201 1644; x_wconf 79' lang='lat' dir='ltr'>DEMAENETUS.</span> <span class='ocrx_word' id='word_1_110' title='bbox 1313 1614 1343 1642; x_wconf 65' lang='grc' dir='ltr'><strong><em>ο</em></strong></span> 
     </span>
     <span class='ocr_line' id='line_1_18' title="bbox 1269 1657 1510 1703; baseline 0.004 -1"><span class='ocrx_word' id='word_1_111' title='bbox 1269 1657 1510 1703; x_wconf 86' lang='lat' dir='ltr'>Maxume.</span> 
     </span>
    </p>
   </div>
   <div class='ocr_carea' id='block_1_6' title="bbox 228 1730 1512 1854">
    <p class='ocr_par' dir='ltr' id='par_1_6' title="bbox 228 1730 1512 1854">
     <span class='ocr_line' id='line_1_19' title="bbox 228 1730 1512 1792; baseline -0.002 -14"><span class='ocrx_word' id='word_1_112' title='bbox 228 1733 301 1778; x_wconf 87' lang='lat' dir='ltr'>Te</span> <span class='ocrx_word' id='word_1_113' title='bbox 315 1766 327 1789; x_wconf 86' lang='lat'>,</span> <span class='ocrx_word' id='word_1_114' title='bbox 344 1731 616 1777; x_wconf 85' lang='lat' dir='ltr'>Philenium</span> <span class='ocrx_word' id='word_1_115' title='bbox 632 1765 648 1788; x_wconf 81' lang='grc'>,</span> <span class='ocrx_word' id='word_1_116' title='bbox 672 1731 819 1789; x_wconf 85' lang='lat' dir='ltr'><strong>mihi,</strong></span> <span class='ocrx_word' id='word_1_117' title='bbox 838 1742 985 1792; x_wconf 85' lang='lat' dir='ltr'>atque</span> <span class='ocrx_word' id='word_1_118' title='bbox 1014 1730 1152 1777; x_wconf 80' lang='lat' dir='ltr'>uxori</span> <span class='ocrx_word' id='word_1_119' title='bbox 1174 1743 1393 1776; x_wconf 86' lang='lat' dir='ltr'>mortem.</span> <span class='ocrx_word' id='word_1_120' title='bbox 1420 1731 1512 1776; x_wconf 90' lang='lat' dir='ltr'>hoc</span> 
     </span>
     <span class='ocr_line' id='line_1_20' title="bbox 483 1803 831 1854; baseline 0.003 -5"><span class='ocrx_word' id='word_1_121' title='bbox 483 1803 749 1854; x_wconf 80' lang='lat' dir='ltr'>Venerium</span> <span class='ocrx_word' id='word_1_122' title='bbox 766 1806 831 1850; x_wconf 85' lang='lat' dir='ltr'>&#39;st.</span> 
     </span>
    </p>
   </div>
   <div class='ocr_carea' id='block_1_7' title="bbox 230 1884 1513 2022">
    <p class='ocr_par' dir='ltr' id='par_1_7' title="bbox 230 1884 1513 2022">
     <span class='ocr_line' id='line_1_21' title="bbox 230 1884 1513 1951; baseline 0 -20"><span class='ocrx_word' id='word_1_123' title='bbox 230 1885 394 1944; x_wconf 85' lang='lat' dir='ltr'>Pueri,</span> <span class='ocrx_word' id='word_1_124' title='bbox 411 1885 626 1947; x_wconf 86' lang='lat' dir='ltr'><strong>plaudite</strong></span> <span class='ocrx_word' id='word_1_125' title='bbox 640 1921 654 1943; x_wconf 80' lang='lat'><strong><em>‚</em></strong></span> <span class='ocrx_word' id='word_1_126' title='bbox 671 1898 718 1933; x_wconf 89' lang='lat' dir='ltr'>et</span> <span class='ocrx_word' id='word_1_127' title='bbox 735 1887 855 1933; x_wconf 84' lang='lat' dir='ltr'><strong>mihi</strong></span> <span class='ocrx_word' id='word_1_128' title='bbox 869 1886 933 1934; x_wconf 92' lang='lat' dir='ltr'>ob</span> <span class='ocrx_word' id='word_1_129' title='bbox 944 1887 1130 1951; x_wconf 78' lang='lat' dir='ltr'>jactum</span> <span class='ocrx_word' id='word_1_130' title='bbox 1146 1886 1371 1932; x_wconf 83' lang='lat' dir='ltr'>cantharo</span> <span class='ocrx_word' id='word_1_131' title='bbox 1387 1884 1513 1931; x_wconf 91' lang='lat' dir='ltr'>mul-</span> 
     </span>
     <span class='ocr_line' id='line_1_22' title="bbox 486 1960 774 2022; baseline 0 -16"><span class='ocrx_word' id='word_1_132' title='bbox 486 1977 595 2007; x_wconf 87' lang='lat' dir='ltr'>sum</span> <span class='ocrx_word' id='word_1_133' title='bbox 626 1960 747 2022; x_wconf 54' lang='lat' dir='ltr'>date.</span> <span class='ocrx_word' id='word_1_134' title='bbox 772 1970 774 1972; x_wconf 80' lang='grc'>’</span> 
     </span>
    </p>
   </div>
   <div class='ocr_carea' id='block_1_8' title="bbox 228 2058 1156 2274">
    <p class='ocr_par' dir='ltr' id='par_1_8' title="bbox 228 2058 1156 2274">
     <span class='ocr_line' id='line_1_23' title="bbox 606 2058 1146 2095; baseline 0 -3"><span class='ocrx_word' id='word_1_135' title='bbox 606 2058 1146 2095; x_wconf 75' lang='lat' dir='ltr'>ARTEMONA.</span> 
     </span>
     <span class='ocr_line' id='line_1_24' title="bbox 228 2132 707 2195; baseline 0.006 -17"><span class='ocrx_word' id='word_1_136' title='bbox 228 2132 345 2181; x_wconf 90' lang='lat' dir='ltr'>Non</span> <span class='ocrx_word' id='word_1_137' title='bbox 371 2148 502 2195; x_wconf 88' lang='lat' dir='ltr'>queo</span> <span class='ocrx_word' id='word_1_138' title='bbox 526 2132 707 2186; x_wconf 67' lang='lat' dir='ltr'><strong>durate.</strong></span> 
     </span>
     <span class='ocr_line' id='line_1_25' title="bbox 583 2233 1156 2274; baseline -0.007 0"><span class='ocrx_word' id='word_1_139' title='bbox 583 2233 1156 2274; x_wconf 83' lang='lat' dir='ltr'>PARASITUS.</span> 
     </span>
    </p>
   </div>
   <div class='ocr_carea' id='block_1_9' title="bbox 234 2312 1512 2511">
    <p class='ocr_par' dir='ltr' id='par_1_9' title="bbox 234 2312 1512 2511">
     <span class='ocr_line' id='line_1_26' title="bbox 793 2312 1510 2375; baseline -0.006 -9"><span class='ocrx_word' id='word_1_140' title='bbox 793 2319 842 2367; x_wconf 90' lang='lat' dir='ltr'>Si</span> <span class='ocrx_word' id='word_1_141' title='bbox 871 2335 973 2365; x_wconf 84' lang='lat' dir='ltr'>non</span> <span class='ocrx_word' id='word_1_142' title='bbox 1003 2317 1204 2364; x_wconf 81' lang='lat' dir='ltr'><strong>didicisti</strong></span> <span class='ocrx_word' id='word_1_143' title='bbox 1230 2312 1510 2375; x_wconf 82' lang='lat' dir='ltr'>fulloniam,</span> 
     </span>
     <span class='ocr_line' id='line_1_27' title="bbox 234 2387 1512 2450; baseline -0.002 -14"><span class='ocrx_word' id='word_1_144' title='bbox 234 2387 348 2436; x_wconf 89' lang='lat' dir='ltr'>Non</span> <span class='ocrx_word' id='word_1_145' title='bbox 369 2390 643 2441; x_wconf 85' lang='lat' dir='ltr'><strong>mirandum</strong></span> <span class='ocrx_word' id='word_1_146' title='bbox 660 2393 728 2438; x_wconf 84' lang='lat' dir='ltr'>&#39;st.</span> <span class='ocrx_word' id='word_1_147' title='bbox 755 2393 806 2443; x_wconf 86' lang='lat' dir='ltr'>in</span> <span class='ocrx_word' id='word_1_148' title='bbox 825 2393 988 2445; x_wconf 78' lang='lat' dir='ltr'>oculos</span> <span class='ocrx_word' id='word_1_149' title='bbox 1009 2389 1168 2444; x_wconf 50' lang='lat' dir='ltr'>ssnvadi</span> <span class='ocrx_word' id='word_1_150' title='bbox 1188 2403 1318 2434; x_wconf 89' lang='lat' dir='ltr'>nunc</span> <span class='ocrx_word' id='word_1_151' title='bbox 1339 2399 1405 2437; x_wconf 87' lang='lat' dir='ltr'>est</span> <span class='ocrx_word' id='word_1_152' title='bbox 1425 2405 1512 2450; x_wconf 90' lang='lat' dir='ltr'>op-</span> 
     </span>
     <span class='ocr_line' id='line_1_28' title="bbox 485 2474 693 2511; baseline 0 -2"><span class='ocrx_word' id='word_1_153' title='bbox 485 2474 693 2511; x_wconf 78' lang='lat' dir='ltr'><strong>tunlum.</strong></span> 
     </span>
    </p>
   </div>
  </div>
 </body>
</html>
