1650 2826
474 195 1099 245 EDITIONES.
1276 209 1437 247 xxxv

354 307 585 356 Palatinis.
601 304 822 351 Accedunt
841 305 1138 349 commentarii
1145 302 1261 350 Frid.
1275 305 1441 353 Taub·

351 370 516 421 manni
543 371 753 414 auctiores
763 386 780 415 ‚·
810 371 910 413 item
936 369 1095 413 indices
1120 386 1262 414 rerum
1283 383 1325 416 et
1340 389 1438 418 ver-

330 437 500 495 ‚lorum
521 435 761 480 necessarii.
791 433 919 497 Apud
938 432 1130 490 zachar.
1149 434 1436 485 Schurerum,

348 501 494 548 Biblio
549 499 578 544 l.
609 499 731 544 Anno
758 497 940 543 Domini
966 497 1230 557 MDQXXJ.
1270 500 1437 545 Inscri-

349 565 443 628 psit
512 575 695 609 ruterus
719 564 839 608 hanc
864 562 1125 607 editionem
1138 563 1321 621 jacobo
1343 581 1435 610 van

346 629 513 692 Dyck‚
545 626 742 674 Suecico
776 639 881 673 tum
910 626 1126 689 ablegato
1156 628 1218 673 ad
1247 629 1435 675 ordines

349 693 499 759 Belgii
538 693 671 738 liberi
711 692 808 738 Kal.
838 692 942 750 Jan.
988 694 1125 739 1620.
1167 694 1437 753 Insequitur

350 758 588 822 Christoplz.
627 755 797 818 Pflugii
842 758 1117 822 typographei
1153 757 1435 804 Schureriani

340 822 559 890 praefecti
573 821 793 886 praefatio
822 824 866 871 in
888 822 1140 868 Lectorem;
1168 823 1343 882 (quam
1364 824 1435 868 in-

343 888 579 934 vectivam
609 886 659 931 in
694 885 863 947 Philip.
890 885 1094 931 Pareurn
1124 887 1301 947 scripsit
1333 888 1432 948 ipse

346 952 618 1013 Gruterus.)
634 950 892 1012 Excipiunt
910 951 959 996 de
973 950 1134 996 Plauto
1152 964 1195 996 et
1220 955 1310 1018 ejus
1326 955 1433 997 scri-

338 1019 434 1082 ptis
457 1028 562 1063 vett.
588 1017 827 1061 Auctorum
864 1017 1106 1061 testimonia
1120 1034 1138 1063 ,·
1170 1015 1433 1080 Euphemiae

344 1083 579 1127 amicorum
601 1082 645 1125 in
663 1079 871 1125 Plautum
894 1079 1083 1125 Gruteri.
1109 1082 1291 1126 Omissa
1313 1098 1431 1128 vero

343 1157 415 1198 est
428 1144 734 1190 Taubmanni
756 1145 996 1205 praefatio.
1022 1143 1059 1188 F
1060 1145 1218 1191 abulas
1240 1146 1357 1206 ipsas
1382 1158 1432 1194 et

288 1248 298 1256 .
345 1209 743 1256 commentarium
772 1226 798 1253 a
832 1210 1038 1255 Grutero
1068 1210 1329 1256 auctiorem
1357 1227 1431 1256 se-

345 1286 565 1335 quuntur
590 1273 857 1335 Fragmenta
880 1274 1095 1319 Plautina
1125 1286 1172 1320 et
1199 1275 1430 1340 Supposita

342 1355 387 1385 c.
409 1355 454 1385 n.
470 1349 578 1385 turn
593 1337 751 1398 Joaclz.
770 1338 1010 1384 Camerarii
1031 1341 1073 1401 1)
1092 1339 1141 1384 de
1145 1339 1272 1403 sabb.
1289 1341 1430 1387 Plau-

342 1406 452 1453 tinis
484 1404 583 1448 diss.
614 1403 675 1448 ad
711 1404 872 1465 aliquot
891 1405 1108 1467 principes
1141 1404 1428 1454 Germaniae,

380 1467 588 1514 memissa
614 1466 663 1514 V
692 1466 821 1512 fabb.
853 1483 924 1512 an.
962 1483 1096 1526 1545·
1139 1470 1185 1528 2)
1218 1471 1337 1532 epist.
1370 1471 1431 1514 ad

340 1485 502 1578 {rana
540 1530 827 1587 Crammium,
871 1529 1119 1592 praemissa
1153 1531 1223 1577 Vl
1256 1532 1431 1579 fabulis

343 1595 437 1641 sub
457 1595 590 1639 idem
615 1606 803 1655 tempus
830 1595 978 1640 editis.
1014 1597 1062 1657 3)
1085 1595 1134 1641 de
1154 1595 1427 1644 Carminibus

341 1662 528 1706 comicis.
547 1671 652 1703 tum
666 1658 762 1716 Jul.
774 1658 897 1704 Caes.
910 1658 1158 1724 Bulengeri
1173 1660 1424 1723 descriptio

339 1725 511 1770 theatri
538 1722 743 1768 Romani
783 1734 831 1768 et
862 1723 1059 1780 Graeci,
1103 1735 1151 1770 et
1186 1725 1423 1774 literatura

340 1789 658 1837 miscellanea3
706 1786 905 1844 tandem'
944 1788 1113 1834 Index.
1160 1789 1241 1834 Est
1278 1790 1423 1855 igitur

340 1853 456 1899 haec
470 1852 617 1898 editio
635 1851 886 1912 perfectior
902 1887 914 1907 ,
927 1869 1075 1913 quarn
1091 1854 1138 1899 II
1146 1854 1424 1903 Taubman-

340 1918 395 1978 ni
407 1952 422 1974 ‚
441 1917 523 1963 sed
543 1932 646 1963 non
658 1917 758 1977 pari
778 1918 1073 1963 accuratione
1096 1935 1318 1979 expressa.
1335 1921 1426 1967 Cu·

338 1992 439 2029 rata
470 1982 643 2027 scilicet
674 1991 742 2026 est
766 1982 826 2027 ab
854 1981 970 2027 irato
995 1982 1222 2039 GruterO,
1248 1995 1297 2029 et
1326 1986 1419 2031 sub

340 2046 533 2091 initium
561 2045 923 2106 perturbationis
959 2046 1019 2092 ab
1057 2048 1290 2093 electione
1319 2049 1420 2094 Fri-

345 2110 489 2157 derici
514 2110 560 2157 V
582 2109 863 2170 Septemviri
885 2110 977 2155 Pal.
1001 2111 1051 2155 in
1068 2111 1321 2157 Bohemiae
1343 2129 1419 2158 re·-

343 2191 455 2238 gem
482 2173 677 2220 futurae.
707 2174 890 2221 Retulit
911 2185 1069 2220 autem
1095 2175 1264 2221 Pareus
1292 2179 1419 2238 paria

342 2238 534 2300 paribus
560 2239 611 2284 in
623 2240 847 2284 Analectis
868 2239 1112 2287 Plautinis,
1142 2256 1293 2302 eaque
1316 2259 1419 2287 ma-·¹

339 2303 477 2368 ligne.
494 2304 741 2368 subjunxit
769 2304 910 2349 etiam
933 2315 1043 2365 post
1068 2302 1256 2350 Gruteri
1286 2323 1417 2352 mor-

342 2379 445 2414 tem
458 2368 594 2432 hujus
603 2369 823 2414 thesauro
834 2369 994 2415 critico
1005 2368 1074 2415 VI
1093 2370 1203 2414 volu
1209 2370 1418 2416 minibus

339 2434 599 2495 eon-stanti,
627 2433 766 2486 instat
783 2433 886 2483 Vol.
904 2433 1023 2494 Vll,
1044 2433 1256 2482 Francof.
1279 2437 1416 2497 1034.

1099 2513 1129 2546 G
1163 2512 1189 2547 2
