1650 2826
1454 96 1466 120 Κ

230 149 323 211 368
478 146 1158 200 ·BACCHIDES.
1280 162 1516 223 smus

232 261 371 308 Duae
395 259 693 306 conditiones
721 270 831 306 sunt
851 280 860 306 :
886 273 1042 308 utram
1070 273 1124 309 tu
1147 265 1339 327 accipias
1355 302 1368 324 ‚
1390 269 1515 316 vide.

143 339 157 359 ⁶
229 334 323 380 Vel
351 344 407 379 ut
440 349 610 380 aurum
641 334 834 395 perdam,
862 337 938 381 vel
967 346 1021 381 ut
1047 348 1226 383 amator
1257 330 1450 403 pejeret.

229 408 333 472 Ego
357 422 519 468 neque
538 417 586 452 te
604 407 756 470 jubeo
772 442 786 465 ,
800 420 966 469 ‘neque
989 420 1101 454 veto
1116 444 1128 467 ,
1148 427 1309 472 neque
1327 414 1516 462 suadeo.

588 510 621 542 N
658 510 677 542 1
713 510 741 542 C
778 511 877 565 0‘13
913 511 948 543 U
984 511 1014 544 L
1053 512 1086 544 U
1125 511 1162 545 s.

226 579 417 625 Miseret
435 594 514 624 me
544 577 681 623 illius.

574 681 601 713 C
638 681 673 715 H
709 682 743 714 R
778 679 813 712 Y
851 680 872 714 S
910 680 945 713 A
979 680 1009 713 L
1045 680 1080 713 U
1119 681 1158 714 S.

771 745 906 792 Tuus
936 757 1002 792 est
1021 782 1034 804 ‚
1063 763 1165 793 non
1185 740 1363 795 mirun’r
1388 746 1508 796 facis.

230 820 278 868 Si
297 821 404 882 plus
424 818 736 881 perdundum
764 818 820 863 sit
837 853 850 874 ‚
873 818 1042 879 perisse
1065 820 1227 867 suaviu
1247 821 1323 878 ’st‚

229 894 393 964 Quam
415 891 536 937 illud
559 890 791 954 flagitium
811 891 955 954 volgo
977 889 1290 953 dispalescere.

585 993 616 1024 N
657 992 676 1023 I
713 991 739 1023 C
779 991 810 1023 Ο
849 992 876 1023 Β
914 992 947 1025 U
983 992 1013 1025 L
1051 992 1086 1025 U
1123 993 1160 1027 8.

227 1056 329 1101 Nae
353 1055 431 1099 ille
464 1053 637 1114 edepol
661 1052 832 1114 Ephesi
858 1046 1299 1118 multof‘mavellem
1326 1056 1448 1103 foret
1463 1091 1476 1114 ‚

203 1129 362 1177 ,Dum
389 1128 536 1173 salvos
572 1137 687 1177 esset
707 1160 720 1182 ‚
751 1142 899 1186 quam
929 1129 1179 1174 revenisset
1210 1129 1426 1176 domum.

225 1203 362 1273 Quin
396 1218 483 1266 ego
517 1201 664 1257 istuc,
686 1200 823 1261 quod
853 1200 1167 1261 perdundum
1183 1203 1238 1248 'st
1256 1236 1271 1261 ,
1301 1219 1505 1275 propero

477 1273 711 1335 perdere?
734 1272 737 1275 ’

220 1348 363 1395 Binos
399 1345 629 1391 ducentos
657 1345 901 1407 Philippos
929 1346 1024 1409 jam
1058 1346 1186 1393 intus
1221 1347 1437 1394 efferam:

226 1422 286 1467 Et
304 1415 444 1465 militi
473 1435 595 1480 quos
619 1418 808 1463 dudum
832 1418 1024 1480 promisi
1052 1419 1215 1477 miser,
1644 1434 1650 1466 ι

222 1496 284 1542 Et
312 1495 434 1541 istos,
464 1509 604 1539 mane
623 1492 722 1538 istic
742 1512 750 1536 :
767 1493 868 1556 jam
891 1509 1010 1539 exeo
1029 1492 1089 1538 ad
1109 1504 1183 1552 te,
1205 1494 1438 1558 Chrysale.
1648 1501 1650 1504 '

581 1582 1184 1630 CHRYSALUS.‘

222 1675 298 1720 Fit
321 1685 447 1720 vasta
471 1673 614 1719 Troia
632 1707 645 1730 ,
674 1673 899 1720 scindunt
931 1690 1146 1735 proceres
1177 1675 1468 1739 Pergamum.

223 1748 349 1794 Scivi
378 1764 464 1812 ego
485 1746 777 1810 jamdudum
806 1747 908 1793 fore
936 1765 1015 1793 me
1039 1749 1239 1811 exitium
1264 1749 1503 1814 Pergamo.

220 1823 408 1883 Edepol
435 1822 521 1882 qui
554 1838 633 1866 me
666 1837 759 1866 esse
788 1821 912 1868 dicat
947 1823 1154 1868 cruciatu
1183 1824 1308 1868 malo

219 1895 459 1959 Dignum,
491 1910 579 1939 nae
612 1910 700 1957 ego
732 1911 844 1940 cum
883 1895 966 1940 illo
997 1894 1329 1958 pignushaud
1353 1894 1499 1941 ausim

473 1966 582 2012 dare
602 2001 615 2024 ,

221 2041 395 2087 Tantas
421 2040 643 2086 turbellas
674 2039 807 2085 facio.
838 2039 920 2085 sed
948 2040 1130 2101 crepuit
1159 2039 1293 2093 foris:

218 2112 421 2159 Estertur
447 2112 619 2174 praeda
646 2129 705 2158 ex
731 2105 888 2157 Troia.
925 2122 1105 2159 taceam
1137 2127 1267 2158 nunc
1293 2112 1398 2156 i'am.

592 2207 1165 2243 NICOBULUS.

221 2276 347 2337 Cape
375 2279 466 2323 hoc
496 2278 584 2323 tibi
611 2294 781 2324 aurum
801 2313 814 2335 ,
847 2277 1079 2338 Chrysale.
1098 2276 1138 2332 i,
1164 2274 1232 2319 fer
1253 2273 1363 2318 filio.

217 2347 319 2412 Ego
349 2350 408 2394 ad
438 2350 595 2394 forum
626 2363 786 2398 autern
821 2351 932 2397 hinc
962 2350 1044 2396 ibo
1063 2385 1077 2407 ,
1111 2361 1165 2395 ut
1191 2349 1370 2394 solvam
1402 2349 1492 2394 rni-

472 2420 619 2466 litem.
