1650 2826
260 220 356 281 436
570 216 1251 264 CAPTEIVEI.¹
1383 233 1542 280 v.114

489 337 1330 375 ARISTOPHONTES.

1202 397 1372 443 Dicam
1393 398 1507 444 tibi:

255 469 513 518 Macilento
553 485 665 526 ore,
700 483 812 513 naso
846 478 986 514 acuto
1005 503 1020 526 ,
1047 466 1257 532 ⁴corpote
1291 473 1400 519 albo
1419 507 1433 531 ,
1471 484 1519 519 et

508 542 656 587 oculis
687 541 827 606 nigris
848 575 861 598 ‚

252 611 488 661 Subrufus
512 614 815 676 aliquantum
832 647 846 670 ,
869 612 1042 674 crispus
1056 647 1070 671 ‚
1093 615 1400 662 cincinnatus.

580 699 583 701 “
740 707 776 740 Η
812 707 842 739 E
879 705 912 738 G
947 707 969 739 1
1006 708 1053 741 0.

1283 762 1532 810 Convenit.

630 843 662 877 Τ
699 842 733 875 Y
768 841 802 875 N
837 842 872 876 D
907 843 942 876 A
977 844 1010 877 R
1046 844 1082 877 U
1118 843 1156 879 s.

248 912 317 960 Ut
347 910 548 974 quidem
568 945 581 969 ‚
611 911 793 967 hercle,
823 910 874 955 in
898 910 1116 957 medium
1147 911 1405 976 egohodie
1428 930 1535 975 pes-

511 1001 646 1029 sume
674 999 992 1050 progesserun.

246 1055 346 1103 Vae
375 1055 464 1100 illis
493 1054 630 1118 virgis
653 1054 853 1110 miseri8‚
879 1071 1003 1116 quae
1028 1055 1174 1102 hodie
1198 1056 1250 1102 in
1268 1067 1401 1121 tergo
1423 1075 1529 1104 mo-

497 1140 678 1174 nentur
711 1144 837 1173 meo.

723 1222 758 1255 H
794 1222 825 1255 E
862 1220 895 1254 G
930 1221 950 1254 1
989 1222 1036 1255 ο.

236 1281 396 1334 ,Verba
418 1281 538 1327 mihi
560 1279 668 1326 data
696 1298 789 1326 esse
815 1280 973 1327 video.

626 1370 1155 1405 TYNDARUS.

848 1439 989 1509 Quid
1018 1441 1195 1486 cessatis
1211 1474 1225 1497 ,
1254 1442 1492 1504 conpedes
1509 1479 1523 1501 ‚

236 1514 434 1562 Currere
467 1512 526 1559 ad
556 1528 665 1570 me,
693 1529 899 1574 meaque
925 1512 1149 1575 amplecti
1173 1528 1328 1572 crura,
1356 1526 1412 1561 ut
1438 1532 1522 1562 vos

496 1586 793 1634 custodiam?

718 1680 753 1713 H
787 1680 818 1712 E
856 1680 888 1714 G
926 1680 947 1712 I
983 1679 1030 1713 O.

231 1743 378 1791 Satin'
401 1760 480 1789 me
509 1744 577 1789 illi
603 1742 750 1789 hodie
780 1742 955 1788 scelesti
974 1742 1098 1803 capti
1122 1753 1351 1804 ceperunt
1368 1743 1518 1789 dolo?

230 1817 336 1864 Illic
369 1832 556 1863 servom
590 1833 636 1862 se
669 1815 964 1861 assimulabat
981 1849 994 1872 ,
1024 1815 1102 1861 hic
1136 1814 1230 1861 s'ese
1261 1826 1425 1862 autem
1459 1815 1517 1861 li-

484 1889 669 1934 berum.

225 1960 469 2009 Nucleum
497 1961 657 2018 amisi,
682 1961 877 2022 reliquit
906 1961 1090 2024 pigneri
1119 1962 1382 2024 putamina.

224 2033 298 2080 Ita
316 2034 437 2080 mihi
461 2034 634 2080 stolido
659 2052 842 2082 sursum
866 2051 1062 2081 vorsum
1093 2052 1143 2082 os
1169 2036 1412 2082 sublevere
1440 2033 1509 2080 of-

479 2107 625 2154 fuciis.

220 2179 315 2226 Hic
348 2180 547 2241 quidem
578 2198 656 2227 me
683 2196 955 2242 numquam
977 2180 1213 2228 inridebit.
1253 2180 1461 2242 Colaphe
1481 2214 1498 2238 ,

476 2256 696 2302 Cordalio
713 2290 726 2312 ‚
761 2255 915 2301 Corax
931 2289 945 2312 ‚

217 2322 291 2371 Ite
308 2324 470 2383 istinc,
495 2339 640 2390 atque
665 2328 823 2393 efferte
846 2329 958 2374 lora.

658 2414 690 2447 L
728 2414 760 2447 O
797 2414 830 2446 R
865 2413 900 2445 A
935 2414 968 2446 R
1003 2413 1024 2445 1
1060 2414 1094 2446 Ι.

734 2488 738 2491 ’
807 2477 938 2524 Num
962 2477 1194 2541 lignatum
1220 2478 1456 2526 mittimur
1473 2480 1496 2525 Ρ
