1650 2826
242 152 338 199 330
500 134 1186 185 -BACCHIDES.
1381 156 1514 202 v.41

533 227 1232 292 P⁸ISTOCLERUS.

240 329 486 375 Postremo
501 363 515 386 ,
533 329 569 374 si
586 316 737 394 pergis
755 332 926 392 parum
942 331 1062 377 mihi
1081 315 1226 378 fidem
1244 332 1518 392 arbitrarier,

241 401 435 452 Tollam
465 418 552 466 ego
579 402 663 448 ted
683 403 734 449 in
763 404 944 450 collum
957 439 971 462 ‚
990 415 1136 465 atque
1159 405 1286 451 intro
1305 406 1415 452 hinc
1436 423 1520 452 au-

491 475 651 522 feram.

503 561 1225 607 MNES'ILOCHUS.

588 635 590 642 λ
1036 648 1195 695 Immo
1222 648 1335 694 ibo:
1363 664 1515 694 mane.

532 741 1235 778 PISTOCLERUS.

237 807 351 854 Non
373 824 545 855 maneo
561 842 574 864 ,
607 823 768 869 neque
791 820 846 854 tu
869 825 948 854 me
973 809 1167 856 habebis
1191 808 1305 856 falso
1331 825 1514 871 suspec—

491 895 613 929 tum.

507 975 1228 1012 MNESILOCHUS.

1295 1035 1492 1099 Sequor.

491 1170 544 1226 A
610 1169 659 1226 C
726 1168 776 1225 T
843 1170 900 1225 U
966 1169 1001 1225 S
1098 1170 1242 1229 IV.

655 1292 982 1344 SCENA
1048 1298 1129 1364 1.--

406 1430 1340 1471 PARASITUS‚PUER.

571 1541 1146 1576 PARASITUS.

230 1610 325 1722 P
331 1688 594 1725 ARASITUS
628 1692 715 1742 ego
745 1694 852 1724 sum
885 1678 1092 1724 hominis
1122 1693 1336 1739 nequam
1363 1687 1509 1738 atque

482 1751 676 1832 inprobi

229 1821 417 1879 Militis,
441 1823 527 1884 qui
551 1824 750 1868 amicam
777 1836 940 1867 secum
965 1820 1122 1866 avexit
1141 1836 1200 1865 ex
1223 1820 1379 1870 Samo.

230 1892 375 1941 Nunc
401 1913 478 1942 me
509 1897 575 1942 ire
599 1895 735 1960 jussit
760 1894 821 1940 ad
849 1909 951 1939 eam
969 1928 982 1950 ,
1006 1904 1053 1938 et
1077 1896 1445 1954 percunctarier,

229 1965 403 2014 Utrum
429 1986 599 2016 aurum
626 1966 818 2023 reddat,
842 1982 965 2011 anne
995 1975 1068 2012 eat
1094 1981 1254 2011 secum
1281 1967 1434 2014 simul.

228 2040 308 2087 Tu
328 2041 516 2089 dudum
536 2078 549 2101 ,
569 2044 691 2089 Puer
704 2077 717 2100 ‚
736 2059 849 2088 cum
865 2042 943 2087 illa
965 2057 1117 2102 usque
1144 2038 1218 2086 isti
1243 2041 1410 2098 simul,
1431 2070 1436 2074 -

233 2112 373 2180 Quae
407 2115 576 2160 harum
607 2124 718 2160 sunt
744 2113 901 2170 aedes,
928 2113 1075 2174 pulta.
1103 2111 1180 2157 adi
1205 2123 1418 2159 actutum
1444 2113 1503 2158 ad

481 2188 615 2245 foris,

227 2257 415 2307 Recede
445 2261 558 2306 hinc
585 2261 800 2307 dierecte.
827 2271 884 2307 ut
903 2261 1058 2322 pulsat
1082 2254 1403 2320 propudium!

229 2332 447 2397 Comesse
469 2349 644 2392 panem
671 2335 748 2380 tris
775 2333 917 2394 pedes
947 2334 1097 2377 latum
1121 2338 1253 2389 potes
1271 2361 1283 2383 ‚
1319 2342 1322 2345 ·

228 2406 356 2454 Foris
371 2407 555 2467 pultare
582 2402 751 2454 nescis!
782 2406 943 2469 ecquis
962 2406 1011 2450 in
1028 2403 1211 2450 aedibu’
1236 2402 1337 2448 est?
