1650 2826
271 169 331 230 48
594 159 1250 212 AMPHITRUo.
1384 133 1509 215 πέει

614 282 1208 319 AMPHITRUO.

271 371 397 418 Cave
427 366 719 430 quidquam,
753 366 839 411 nisi
863 365 999 427 quod
1027 365 1204 430 rogabo
1234 377 1282 412 te
1298 401 1313 424 ,
1337 368 1455 415 mihi
1479 385 1550 415 re·-

523 439 776 501 sponderis.

271 523 508 571 Omnium
539 520 776 582 primum,
809 519 892 564 iste
931 520 1017 580 qui
1052 520 1109 565 sit
1141 518 1267 566 Sosia
1285 554 1300 579 ,
1332 521 1424 567 hoc
1458 520 1551 566 dici

537 595 665 640 volo.

768 695 791 728 s
829 695 861 727 o
898 694 921 727 s
956 695 977 726 Ι
1011 695 1060 728 A.

272 782 408 828 Tuus
427 793 493 827 est
515 795 681 827 servos.

611 882 646 915 A
681 881 723 914 M
760 881 788 915 P
824 881 858 915 Η
893 880 914 912 1
951 881 982 914 T
1018 882 1051 915 R
1088 879 1123 914 U
1159 881 1208 915 o.

366 963 487 1008 Mihi
507 960 706 1022 quidem
722 976 822 1005 uno
841 971 889 1005 te
905 961 1011 1020 plus
1029 961 1170 1006 etiam
1182 961 1237 1007 'st
1252 975 1400 1023 quam
1414 963 1550 1009 volo:

274 1035 446 1096 Neque
464 1045 722 1095 postquam
739 1049 846 1079 sum
861 1044 1023 1091 natuS,
1041 1033 1190 1080 habui
1202 1034 1289 1080 nisi
1306 1046 1353 1081 te
1367 1052 1552 1083 servom

526 1104 718 1152 Sosiam.

771 1211 1065 1245 SOSIA.

274 1304 338 1352 At
361 1320 448 1368 ego
470 1316 629 1358 nune,
652 1300 941 1363 Amphitruo
958 1337 971 1359 ‚
996 1302 1104 1349 dico
1127 1322 1136 1348 :
1170 1301 1349 1350 Sosiam
1369 1320 1555 1351 servom

526 1390 671 1424 tuum

274 1462 459 1509 Praeter
489 1479 568 1507 me
597 1462 827 1518 alterum,
855 1463 1082 1522 inquam,
1110 1461 1363 1508 adveniens
1392 1459 1558 1506 faciam

530 1545 586 1579 ut
615 1533 822 1579 offendas
859 1534 1021 1591 domi,

275 1617 413 1665 Davo
447 1628 767 1681 prognatum;
803 1627 936 1677 patre
975 1614 1147 1662 eodem
1181 1630 1282 1677 quo
1306 1630 1395 1679 ego
1425 1630 1556 1660 sum:

531 1691 705 1746 forma,
727 1701 876 1735 aetate
898 1690 1015 1736 item

277 1769 389 1837 Qua
423 1784 510 1832 ego
545 1787 663 1815 sum.
715 1769 835 1829 quid
881 1786 981 1834 opu
1014 1771 1067 1815 ’st
1104 1769 1295 1816 verbis?
1339 1769 1557 1832 geminus

530 1842 656 1889 Sosia
677 1844 754 1897 hjc
775 1843 903 1889 factu
928 1845 980 1888 ’st
1002 1843 1103 1889 tibi.

627 1963 662 1996 A
698 1963 740 1997 M
778 1963 805 1996 P
843 1963 876 1995 Η
914 1962 934 1994 1
971 1962 1002 1994 Τ
1038 1963 1070 1996 R
1106 1962 1140 1995 U
1177 1963 1224 1996 o.

278 2048 436 2095 Nimia
447 2064 679 2095 memoras
696 2048 826 2093 mira.
847 2047 929 2093 sed
941 2046 1144 2093 vidistin'
1158 2062 1359 2093 uxorem
1373 2061 1527 2092 meam
1536 2045 1558 2089 Ρ

775 2166 797 2199 s
834 2166 866 2199 o
904 2165 926 2199 s
961 2166 983 2198 1
1019 2167 1067 2199 A.

281 2253 418 2322 Quin
439 2254 632 2304 introire
655 2257 707 2302 in
723 2255 846 2302 aedis
870 2272 1141 2317 numquam
1157 2256 1341 2301 licitum
1359 2255 1425 2299 'st.

620 2381 653 2413 A
690 2381 731 2414 M
769 2381 799 2414 P
834 2380 868 2416 Η
903 2379 923 2410 1
960 2379 991 2411 Τ
1026 2381 1058 2413 R
1095 2379 1130 2411 U
1167 2379 1213 2411 o.

1077 2464 1195 2533 Quis
1213 2475 1260 2509 te
1277 2464 1523 2525 prohibuit
1535 2465 1557 2510 Ρ
