<?xml version="1.0" encoding="UTF-8"?>
<!DOCTYPE html PUBLIC "-//W3C//DTD XHTML 1.0 Transitional//EN"
    "http://www.w3.org/TR/xhtml1/DTD/xhtml1-transitional.dtd">
<html xmlns="http://www.w3.org/1999/xhtml" xml:lang="en" lang="en">
 <head>
  <title>
</title>
<meta http-equiv="Content-Type" content="text/html;charset=utf-8" />
  <meta name='ocr-system' content='tesseract 3.04.00' />
  <meta name='ocr-capabilities' content='ocr_page ocr_carea ocr_par ocr_line ocrx_word'/>
</head>
<body>
  <div class='ocr_page' id='page_1' title='image "./comoediaesuperst01plauuoft_0104.png"; bbox 0 0 1650 2826; ppageno 0'>
   <div class='ocr_carea' id='block_1_1' title="bbox 234 178 1519 247">
    <p class='ocr_par' dir='ltr' id='par_1_1' title="bbox 234 178 1519 247">
     <span class='ocr_line' id='line_1_1' title="bbox 234 178 1519 247; baseline -0.004 -13"><span class='ocrx_word' id='word_1_1' title='bbox 234 199 297 247; x_wconf 47' lang='lat' dir='ltr'><em>w</em></span> <span class='ocrx_word' id='word_1_2' title='bbox 560 178 1223 232; x_wconf 71' lang='lat' dir='ltr'>AMPHITRUQ</span> <span class='ocrx_word' id='word_1_3' title='bbox 1386 184 1519 231; x_wconf 51' lang='lat' dir='ltr'><strong>mm</strong></span> 
     </span>
    </p>
   </div>
   <div class='ocr_carea' id='block_1_2' title="bbox 233 304 1521 862">
    <p class='ocr_par' dir='ltr' id='par_1_2' title="bbox 233 304 1521 862">
     <span class='ocr_line' id='line_1_2' title="bbox 723 304 1017 339; baseline 0.007 -2"><span class='ocrx_word' id='word_1_4' title='bbox 723 304 744 337; x_wconf 85' lang='lat' dir='ltr'>s</span> <span class='ocrx_word' id='word_1_5' title='bbox 776 305 815 338; x_wconf 64' lang='lat' dir='ltr'><strong>&gt;o</strong></span> <span class='ocrx_word' id='word_1_6' title='bbox 853 305 875 339; x_wconf 89' lang='lat' dir='ltr'>s</span> <span class='ocrx_word' id='word_1_7' title='bbox 912 305 933 339; x_wconf 91' lang='lat'>1</span> <span class='ocrx_word' id='word_1_8' title='bbox 969 306 1017 339; x_wconf 80' lang='lat' dir='ltr'><strong>A.</strong></span> 
     </span>
     <span class='ocr_line' id='line_1_3' title="bbox 233 379 859 427; baseline -0.005 0"><span class='ocrx_word' id='word_1_9' title='bbox 233 379 415 427; x_wconf 82' lang='lat' dir='ltr'><strong>Verum</strong></span> <span class='ocrx_word' id='word_1_10' title='bbox 440 389 657 425; x_wconf 82' lang='lat' dir='ltr'><strong>actutum</strong></span> <span class='ocrx_word' id='word_1_11' title='bbox 685 393 859 424; x_wconf 84' lang='lat' dir='ltr'><strong>nosces.</strong></span> 
     </span>
     <span class='ocr_line' id='line_1_4' title="bbox 575 477 1178 514; baseline 0.005 -3"><span class='ocrx_word' id='word_1_12' title='bbox 575 477 610 511; x_wconf 79' lang='lat' dir='ltr'>A</span> <span class='ocrx_word' id='word_1_13' title='bbox 649 480 692 512; x_wconf 87' lang='lat' dir='ltr'>M</span> <span class='ocrx_word' id='word_1_14' title='bbox 729 479 758 511; x_wconf 82' lang='lat' dir='ltr'>P</span> <span class='ocrx_word' id='word_1_15' title='bbox 796 479 828 511; x_wconf 82' lang='grc' dir='ltr'><em>Η</em></span> <span class='ocrx_word' id='word_1_16' title='bbox 867 479 885 511; x_wconf 91' lang='lat'>1</span> <span class='ocrx_word' id='word_1_17' title='bbox 923 479 954 512; x_wconf 86' lang='lat' dir='ltr'>T</span> <span class='ocrx_word' id='word_1_18' title='bbox 991 481 1023 514; x_wconf 80' lang='lat' dir='ltr'>R</span> <span class='ocrx_word' id='word_1_19' title='bbox 1059 480 1094 512; x_wconf 85' lang='lat' dir='ltr'>U</span> <span class='ocrx_word' id='word_1_20' title='bbox 1128 480 1178 514; x_wconf 82' lang='lat' dir='ltr'><strong>o.</strong></span> 
     </span>
     <span class='ocr_line' id='line_1_5' title="bbox 680 551 882 622; baseline -0.005 -24"><span class='ocrx_word' id='word_1_21' title='bbox 680 551 882 622; x_wconf 69' lang='lat' dir='ltr'><strong>Quem?</strong></span> 
     </span>
     <span class='ocr_line' id='line_1_6' title="bbox 735 652 1031 686; baseline 0.003 -1"><span class='ocrx_word' id='word_1_22' title='bbox 735 652 757 686; x_wconf 91' lang='lat' dir='ltr'><strong>s</strong></span> <span class='ocrx_word' id='word_1_23' title='bbox 796 653 827 685; x_wconf 94' lang='lat' dir='ltr'>o</span> <span class='ocrx_word' id='word_1_24' title='bbox 867 652 889 686; x_wconf 91' lang='lat' dir='ltr'>s</span> <span class='ocrx_word' id='word_1_25' title='bbox 926 653 947 685; x_wconf 92' lang='lat'>1</span> <span class='ocrx_word' id='word_1_26' title='bbox 983 653 1031 686; x_wconf 84' lang='lat' dir='ltr'><strong>A.</strong></span> 
     </span>
     <span class='ocr_line' id='line_1_7' title="bbox 743 723 1521 786; baseline 0.005 -14"><span class='ocrx_word' id='word_1_27' title='bbox 743 723 891 772; x_wconf 91' lang='lat' dir='ltr'>Illum</span> <span class='ocrx_word' id='word_1_28' title='bbox 914 738 1073 774; x_wconf 80' lang='lat' dir='ltr'><strong>nos‘ces</strong></span> <span class='ocrx_word' id='word_1_29' title='bbox 1087 763 1100 786; x_wconf 84' lang='lat'><strong><em>‚</em></strong></span> <span class='ocrx_word' id='word_1_30' title='bbox 1124 743 1309 775; x_wconf 88' lang='lat' dir='ltr'><strong>servom</strong></span> <span class='ocrx_word' id='word_1_31' title='bbox 1329 727 1521 776; x_wconf 72' lang='lat' dir='ltr'>Sosiam,</span> 
     </span>
     <span class='ocr_line' id='line_1_8' title="bbox 583 826 1183 862; baseline 0 0"><span class='ocrx_word' id='word_1_32' title='bbox 583 826 618 862; x_wconf 87' lang='lat' dir='ltr'>A</span> <span class='ocrx_word' id='word_1_33' title='bbox 655 828 698 862; x_wconf 91' lang='lat' dir='ltr'>M</span> <span class='ocrx_word' id='word_1_34' title='bbox 735 828 764 862; x_wconf 90' lang='lat' dir='ltr'><strong>P</strong></span> <span class='ocrx_word' id='word_1_35' title='bbox 802 829 834 861; x_wconf 87' lang='lat' dir='ltr'>H</span> <span class='ocrx_word' id='word_1_36' title='bbox 871 828 891 860; x_wconf 96' lang='lat' dir='ltr'>I</span> <span class='ocrx_word' id='word_1_37' title='bbox 929 829 959 861; x_wconf 91' lang='lat' dir='ltr'>T</span> <span class='ocrx_word' id='word_1_38' title='bbox 995 830 1027 862; x_wconf 91' lang='lat' dir='ltr'>R</span> <span class='ocrx_word' id='word_1_39' title='bbox 1065 828 1098 861; x_wconf 93' lang='lat' dir='ltr'>U</span> <span class='ocrx_word' id='word_1_40' title='bbox 1137 829 1183 862; x_wconf 92' lang='lat'><strong>0.</strong></span> 
     </span>
    </p>
   </div>
   <div class='ocr_carea' id='block_1_3' title="bbox 237 907 1526 1255">
    <p class='ocr_par' dir='ltr' id='par_1_3' title="bbox 237 907 1526 1255">
     <span class='ocr_line' id='line_1_9' title="bbox 237 907 1526 974; baseline 0.003 -17"><span class='ocrx_word' id='word_1_41' title='bbox 237 909 445 972; x_wconf 82' lang='lat' dir='ltr'><strong>Sequere</strong></span> <span class='ocrx_word' id='word_1_42' title='bbox 476 908 563 954; x_wconf 90' lang='lat' dir='ltr'><strong>hac</strong></span> <span class='ocrx_word' id='word_1_43' title='bbox 602 907 744 971; x_wconf 86' lang='lat' dir='ltr'><strong>igitur</strong></span> <span class='ocrx_word' id='word_1_44' title='bbox 771 920 877 951; x_wconf 84' lang='lat' dir='ltr'><strong>me:</strong></span> <span class='ocrx_word' id='word_1_45' title='bbox 918 920 1032 955; x_wconf 87' lang='lat' dir='ltr'><strong>nam</strong></span> <span class='ocrx_word' id='word_1_46' title='bbox 1060 910 1129 956; x_wconf 90' lang='lat' dir='ltr'><strong>mi</strong></span> <span class='ocrx_word' id='word_1_47' title='bbox 1162 907 1281 958; x_wconf 82' lang='lat' dir='ltr'><strong>istuc</strong></span> <span class='ocrx_word' id='word_1_48' title='bbox 1312 913 1526 974; x_wconf 88' lang='lat' dir='ltr'><strong>primum</strong></span> 
     </span>
     <span class='ocr_line' id='line_1_10' title="bbox 493 979 971 1041; baseline 0 -16"><span class='ocrx_word' id='word_1_49' title='bbox 493 979 730 1040; x_wconf 88' lang='lat' dir='ltr'><strong>exquisito</strong></span> <span class='ocrx_word' id='word_1_50' title='bbox 753 979 808 1024; x_wconf 88' lang='lat' dir='ltr'><strong>&#39;st</strong></span> <span class='ocrx_word' id='word_1_51' title='bbox 838 994 971 1041; x_wconf 86' lang='lat' dir='ltr'><strong>opus.</strong></span> 
     </span>
     <span class='ocr_line' id='line_1_11' title="bbox 238 1051 1525 1125; baseline 0.005 -23"><span class='ocrx_word' id='word_1_52' title='bbox 238 1053 333 1102; x_wconf 87' lang='lat' dir='ltr'><strong>Sed</strong></span> <span class='ocrx_word' id='word_1_53' title='bbox 364 1052 475 1100; x_wconf 87' lang='lat' dir='ltr'><strong>vide</strong></span> <span class='ocrx_word' id='word_1_54' title='bbox 508 1068 567 1098; x_wconf 88' lang='lat' dir='ltr'><strong>ex</strong></span> <span class='ocrx_word' id='word_1_55' title='bbox 596 1052 705 1125; x_wconf 63' lang='lat' dir='ltr'><strong>rravi</strong></span> <span class='ocrx_word' id='word_1_56' title='bbox 742 1051 992 1100; x_wconf 82' lang='lat' dir='ltr'><strong>efferantur</strong></span> <span class='ocrx_word' id='word_1_57' title='bbox 1027 1072 1150 1117; x_wconf 86' lang='lat' dir='ltr'><strong>quae</strong></span> <span class='ocrx_word' id='word_1_58' title='bbox 1172 1055 1274 1121; x_wconf 87' lang='lat' dir='ltr'><strong>jam</strong></span> <span class='ocrx_word' id='word_1_59' title='bbox 1297 1056 1525 1123; x_wconf 85' lang='lat' dir='ltr'><strong>imperavi</strong></span> 
     </span>
     <span class='ocr_line' id='line_1_12' title="bbox 499 1134 673 1164; baseline -0.011 0"><span class='ocrx_word' id='word_1_60' title='bbox 499 1134 673 1164; x_wconf 88' lang='lat' dir='ltr'><strong>omma.</strong></span> 
     </span>
     <span class='ocr_line' id='line_1_13' title="bbox 543 1198 1022 1255; baseline 0.004 -3"><span class='ocrx_word' id='word_1_61' title='bbox 543 1198 550 1202; x_wconf 36' lang='lat'><em>³</em></span> <span class='ocrx_word' id='word_1_62' title='bbox 727 1219 751 1253; x_wconf 92' lang='lat' dir='ltr'><strong>s</strong></span> <span class='ocrx_word' id='word_1_63' title='bbox 788 1221 819 1253; x_wconf 89' lang='lat' dir='ltr'>o</span> <span class='ocrx_word' id='word_1_64' title='bbox 858 1221 880 1254; x_wconf 92' lang='lat' dir='ltr'><strong>s</strong></span> <span class='ocrx_word' id='word_1_65' title='bbox 918 1222 939 1254; x_wconf 93' lang='lat'>1</span> <span class='ocrx_word' id='word_1_66' title='bbox 974 1222 1022 1255; x_wconf 77' lang='lat' dir='ltr'><strong>A.</strong></span> 
     </span>
    </p>
   </div>
   <div class='ocr_carea' id='block_1_4' title="bbox 238 1301 1529 1435">
    <p class='ocr_par' dir='ltr' id='par_1_4' title="bbox 238 1301 1529 1435">
     <span class='ocr_line' id='line_1_14' title="bbox 238 1301 1529 1368; baseline -0.002 -18"><span class='ocrx_word' id='word_1_67' title='bbox 238 1303 303 1351; x_wconf 86' lang='lat' dir='ltr'><strong>Et</strong></span> <span class='ocrx_word' id='word_1_68' title='bbox 324 1316 513 1349; x_wconf 82' lang='lat' dir='ltr'><strong>memor</strong></span> <span class='ocrx_word' id='word_1_69' title='bbox 526 1317 634 1347; x_wconf 87' lang='lat' dir='ltr'><strong>sum</strong></span> <span class='ocrx_word' id='word_1_70' title='bbox 653 1311 702 1346; x_wconf 87' lang='lat' dir='ltr'><strong>et</strong></span> <span class='ocrx_word' id='word_1_71' title='bbox 721 1301 916 1368; x_wconf 87' lang='lat' dir='ltr'><strong>diligens</strong></span> <span class='ocrx_word' id='word_1_72' title='bbox 929 1338 942 1362; x_wconf 84' lang='lat'><strong>,</strong></span> <span class='ocrx_word' id='word_1_73' title='bbox 964 1314 1019 1349; x_wconf 83' lang='lat' dir='ltr'><strong>ut</strong></span> <span class='ocrx_word' id='word_1_74' title='bbox 1042 1318 1165 1364; x_wconf 87' lang='lat' dir='ltr'><strong>quae</strong></span> <span class='ocrx_word' id='word_1_75' title='bbox 1191 1302 1390 1364; x_wconf 88' lang='lat' dir='ltr'><strong>imperes</strong></span> <span class='ocrx_word' id='word_1_76' title='bbox 1414 1318 1529 1349; x_wconf 85' lang='lat' dir='ltr'><strong>con-</strong></span> 
     </span>
     <span class='ocr_line' id='line_1_15' title="bbox 498 1385 704 1435; baseline 0.01 -17"><span class='ocrx_word' id='word_1_77' title='bbox 498 1385 704 1435; x_wconf 85' lang='lat' dir='ltr'><strong>pareant.</strong></span> 
     </span>
    </p>
   </div>
   <div class='ocr_carea' id='block_1_5' title="bbox 241 1444 1524 1511">
    <p class='ocr_par' dir='ltr' id='par_1_5' title="bbox 241 1444 1524 1511">
     <span class='ocr_line' id='line_1_16' title="bbox 241 1444 1524 1511; baseline 0 -15"><span class='ocrx_word' id='word_1_78' title='bbox 241 1448 357 1496; x_wconf 89' lang='lat' dir='ltr'><strong>Non</strong></span> <span class='ocrx_word' id='word_1_79' title='bbox 379 1463 467 1511; x_wconf 87' lang='lat' dir='ltr'><strong>ego</strong></span> <span class='ocrx_word' id='word_1_80' title='bbox 491 1463 605 1493; x_wconf 88' lang='lat' dir='ltr'><strong>cum</strong></span> <span class='ocrx_word' id='word_1_81' title='bbox 625 1447 740 1494; x_wconf 85' lang='lat' dir='ltr'>vino</span> <span class='ocrx_word' id='word_1_82' title='bbox 758 1449 919 1494; x_wconf 87' lang='lat' dir='ltr'>simitu</span> <span class='ocrx_word' id='word_1_83' title='bbox 942 1448 1071 1495; x_wconf 83' lang='lat' dir='ltr'><strong>ebibi</strong></span> <span class='ocrx_word' id='word_1_84' title='bbox 1093 1444 1350 1509; x_wconf 74' lang='lat' dir='ltr'><strong>imperinm</strong></span> <span class='ocrx_word' id='word_1_85' title='bbox 1367 1459 1524 1496; x_wconf 88' lang='lat' dir='ltr'><strong>tuum.</strong></span> 
     </span>
    </p>
   </div>
   <div class='ocr_carea' id='block_1_6' title="bbox 245 1550 1528 1695">
    <p class='ocr_par' dir='ltr' id='par_1_6' title="bbox 245 1550 1528 1695">
     <span class='ocr_line' id='line_1_17' title="bbox 583 1550 1183 1593; baseline -0.002 -1"><span class='ocrx_word' id='word_1_86' title='bbox 583 1558 620 1592; x_wconf 83' lang='lat' dir='ltr'>A</span> <span class='ocrx_word' id='word_1_87' title='bbox 655 1560 697 1592; x_wconf 91' lang='lat' dir='ltr'>M</span> <span class='ocrx_word' id='word_1_88' title='bbox 735 1559 762 1592; x_wconf 79' lang='grc' dir='ltr'>Ρ</span> <span class='ocrx_word' id='word_1_89' title='bbox 801 1561 834 1592; x_wconf 83' lang='grc' dir='ltr'>Η</span> <span class='ocrx_word' id='word_1_90' title='bbox 871 1550 891 1591; x_wconf 84' lang='lat'>1</span> <span class='ocrx_word' id='word_1_91' title='bbox 929 1559 958 1592; x_wconf 83' lang='lat' dir='ltr'><strong>T</strong></span> <span class='ocrx_word' id='word_1_92' title='bbox 994 1561 1027 1593; x_wconf 86' lang='lat' dir='ltr'>R</span> <span class='ocrx_word' id='word_1_93' title='bbox 1064 1559 1097 1591; x_wconf 86' lang='lat' dir='ltr'>U</span> <span class='ocrx_word' id='word_1_94' title='bbox 1136 1560 1183 1592; x_wconf 89' lang='lat' dir='ltr'><strong>o.</strong></span> 
     </span>
     <span class='ocr_line' id='line_1_18' title="bbox 245 1632 1528 1695; baseline -0.004 -14"><span class='ocrx_word' id='word_1_95' title='bbox 245 1634 442 1682; x_wconf 80' lang='lat' dir='ltr'><strong>Utinam</strong></span> <span class='ocrx_word' id='word_1_96' title='bbox 462 1634 546 1682; x_wconf 85' lang='lat' dir='ltr'><strong>Dii</strong></span> <span class='ocrx_word' id='word_1_97' title='bbox 567 1634 742 1695; x_wconf 81' lang='lat' dir='ltr'>faxint,</span> <span class='ocrx_word' id='word_1_98' title='bbox 766 1635 939 1683; x_wconf 83' lang='lat' dir='ltr'><strong>infecta</strong></span> <span class='ocrx_word' id='word_1_99' title='bbox 961 1633 1085 1681; x_wconf 88' lang='lat' dir='ltr'>dicta</span> <span class='ocrx_word' id='word_1_100' title='bbox 1105 1650 1156 1681; x_wconf 80' lang='lat' dir='ltr'><strong>re</strong></span> <span class='ocrx_word' id='word_1_101' title='bbox 1180 1634 1399 1682; x_wconf 84' lang='lat' dir='ltr'><strong>eveniant</strong></span> <span class='ocrx_word' id='word_1_102' title='bbox 1421 1632 1528 1679; x_wconf 82' lang='lat' dir='ltr'>tua!</span> 
     </span>
    </p>
   </div>
   <div class='ocr_carea' id='block_1_7' title="bbox 610 1775 1164 1824">
    <p class='ocr_par' dir='ltr' id='par_1_7' title="bbox 610 1775 1164 1824">
     <span class='ocr_line' id='line_1_19' title="bbox 610 1775 1164 1824; baseline -0.009 0"><span class='ocrx_word' id='word_1_103' title='bbox 610 1777 985 1824; x_wconf 81' lang='lat' dir='ltr'><em>SCENA</em></span> <span class='ocrx_word' id='word_1_104' title='bbox 1067 1775 1164 1820; x_wconf 89' lang='lat' dir='ltr'><strong>II.</strong></span> 
     </span>
    </p>
   </div>
   <div class='ocr_carea' id='block_1_8' title="bbox 250 1912 1531 2046">
    <p class='ocr_par' dir='ltr' id='par_1_8' title="bbox 250 1912 1531 2046">
     <span class='ocr_line' id='line_1_20' title="bbox 250 1912 1531 1957; baseline -0.003 0"><span class='ocrx_word' id='word_1_105' title='bbox 250 1918 683 1957; x_wconf 76' lang='lat' dir='ltr'><strong><em>ALCUMENA,</em></strong></span> <span class='ocrx_word' id='word_1_106' title='bbox 751 1913 1227 1952; x_wconf 78' lang='lat' dir='ltr'><strong><em>AMPHITRUO‚</em></strong></span> <span class='ocrx_word' id='word_1_107' title='bbox 1276 1912 1531 1953; x_wconf 66' lang='lat' dir='ltr'><em>SOSIAo</em></span> 
     </span>
     <span class='ocr_line' id='line_1_21' title="bbox 676 2006 1113 2046; baseline -0.011 0"><span class='ocrx_word' id='word_1_108' title='bbox 676 2006 1113 2046; x_wconf 84' lang='lat' dir='ltr'><em>THESSALA.</em></span> 
     </span>
    </p>
   </div>
   <div class='ocr_carea' id='block_1_9' title="bbox 630 2115 1167 2154">
    <p class='ocr_par' dir='ltr' id='par_1_9' title="bbox 630 2115 1167 2154">
     <span class='ocr_line' id='line_1_22' title="bbox 630 2115 1167 2154; baseline -0.009 0"><span class='ocrx_word' id='word_1_109' title='bbox 630 2115 1167 2154; x_wconf 79' lang='lat' dir='ltr'>ALCUMENA.</span> 
     </span>
    </p>
   </div>
   <div class='ocr_carea' id='block_1_10' title="bbox 252 2191 1534 2533">
    <p class='ocr_par' dir='ltr' id='par_1_10' title="bbox 252 2191 1375 2314">
     <span class='ocr_line' id='line_1_23' title="bbox 252 2191 1375 2314; baseline -0.009 -10"><span class='ocrx_word' id='word_1_110' title='bbox 252 2191 478 2304; x_wconf 85' lang='lat' dir='ltr'>SATIN’</span> <span class='ocrx_word' id='word_1_111' title='bbox 505 2269 647 2314; x_wconf 84' lang='lat' dir='ltr'><strong>parva</strong></span> <span class='ocrx_word' id='word_1_112' title='bbox 671 2268 741 2299; x_wconf 86' lang='lat' dir='ltr'><strong>res</strong></span> <span class='ocrx_word' id='word_1_113' title='bbox 764 2263 831 2299; x_wconf 87' lang='lat' dir='ltr'><strong>est</strong></span> <span class='ocrx_word' id='word_1_114' title='bbox 852 2251 1159 2312; x_wconf 81' lang='lat' dir='ltr'>voluptatum</span> <span class='ocrx_word' id='word_1_115' title='bbox 1180 2248 1231 2295; x_wconf 90' lang='lat' dir='ltr'><strong>in</strong></span> <span class='ocrx_word' id='word_1_116' title='bbox 1251 2249 1375 2305; x_wconf 87' lang='lat' dir='ltr'><strong>vita,</strong></span> 
     </span>
    </p>

    <p class='ocr_par' dir='ltr' id='par_1_11' title="bbox 252 2325 896 2390">
     <span class='ocr_line' id='line_1_24' title="bbox 252 2325 896 2390; baseline -0.006 -16"><span class='ocrx_word' id='word_1_117' title='bbox 252 2328 414 2388; x_wconf 86' lang='lat' dir='ltr'><strong>Atque</strong></span> <span class='ocrx_word' id='word_1_118' title='bbox 437 2327 486 2371; x_wconf 90' lang='lat' dir='ltr'><strong>in</strong></span> <span class='ocrx_word' id='word_1_119' title='bbox 509 2337 657 2371; x_wconf 82' lang='lat' dir='ltr'><strong>aetate</strong></span> <span class='ocrx_word' id='word_1_120' title='bbox 681 2325 867 2390; x_wconf 85' lang='lat' dir='ltr'>agunda</span> <span class='ocrx_word' id='word_1_121' title='bbox 883 2359 896 2380; x_wconf 86' lang='lat'>‚</span> 
     </span>
    </p>

    <p class='ocr_par' dir='ltr' id='par_1_12' title="bbox 252 2392 1534 2533">
     <span class='ocr_line' id='line_1_25' title="bbox 252 2392 1534 2461; baseline -0.011 -11"><span class='ocrx_word' id='word_1_122' title='bbox 252 2401 367 2451; x_wconf 81' lang='lat' dir='ltr'><strong>Prae</strong></span> <span class='ocrx_word' id='word_1_123' title='bbox 386 2412 533 2461; x_wconf 81' lang='lat' dir='ltr'><strong>quam</strong></span> <span class='ocrx_word' id='word_1_124' title='bbox 552 2398 689 2458; x_wconf 86' lang='lat' dir='ltr'>quod</span> <span class='ocrx_word' id='word_1_125' title='bbox 709 2398 967 2445; x_wconf 87' lang='lat' dir='ltr'><strong>molestum</strong></span> <span class='ocrx_word' id='word_1_126' title='bbox 984 2395 1072 2442; x_wconf 89' lang='lat' dir='ltr'><strong>est!</strong></span> <span class='ocrx_word' id='word_1_127' title='bbox 1098 2395 1163 2441; x_wconf 88' lang='lat' dir='ltr'><strong>ita</strong></span> <span class='ocrx_word' id='word_1_128' title='bbox 1182 2392 1399 2454; x_wconf 88' lang='lat' dir='ltr'><strong>quoique</strong></span> <span class='ocrx_word' id='word_1_129' title='bbox 1417 2407 1534 2442; x_wconf 88' lang='lat' dir='ltr'><strong>con-</strong></span> 
     </span>
     <span class='ocr_line' id='line_1_26' title="bbox 505 2482 721 2533; baseline -0.005 -17"><span class='ocrx_word' id='word_1_130' title='bbox 505 2482 721 2533; x_wconf 83' lang='lat' dir='ltr'><strong>paratum</strong></span> 
     </span>
    </p>
   </div>
  </div>
 </body>
</html>
