1650 2826
243 229 336 291 486
663 225 1061 273 CASINA.
1367 241 1512 288 >v.31

655 350 1095 385 STALINO.

874 425 956 472 Dii
975 443 1053 471 me
1073 435 1120 471 et
1141 435 1190 470 te
1211 424 1518 483 infelicitent5

245 498 294 545 Si
311 515 396 563 ego
415 498 465 548 in
484 514 532 543 os
551 514 717 544 meum
737 498 883 544 hodie
900 499 997 544 vini
1019 509 1203 562 guttam
1222 499 1387 544 indidi.

562 600 587 631 c
623 600 652 631 L
689 600 719 632 E
760 601 791 632 ο
832 600 853 633 s
891 601 921 632 T
957 602 990 635 R
1025 601 1059 632 A
1096 600 1126 632 Τ
1162 600 1210 633 A.

661 673 664 677 ’
975 678 1131 727 Immo
1151 694 1259 741 age,
1279 688 1334 724 ut
1348 678 1484 724 lubet
1499 712 1514 736 ,

246 751 390 808 Bibe,
416 767 460 797 es
478 785 492 808 ‚
521 749 734 812 disperde
761 766 875 795 rem.

662 854 683 886 s
722 854 752 885 T
790 853 824 886 A
860 854 889 885 L
927 853 946 885 1
982 853 1015 885 N
1052 854 1101 886 o.

535 929 672 986 Che,
691 929 791 991 jam
818 929 946 986 satis,
976 945 1124 985 uxor,
1154 940 1244 974 est:
1277 931 1520 991 conprime

592 1063 594 1065 ‚
984 1014 1056 1048 te:
1079 1004 1282 1050 nimium
1302 1004 1457 1049 tinnis.

247 1075 483 1135 Relinque
518 1075 821 1135 aliquantum
857 1075 1100 1133 orationis,
1137 1091 1228 1121 cras
1253 1075 1387 1136 quod
1421 1091 1522 1120 me-

501 1165 613 1194 cum
637 1149 799 1212 litiges.

252 1221 346 1267 Sed
369 1221 489 1281 quid
518 1221 613 1266 ais?
633 1222 733 1284 jam
764 1220 990 1266 domuisti
1017 1221 1256 1278 animum,
1286 1222 1443 1283 potius
1469 1231 1524 1267 ut

503 1291 640 1352 quod
674 1292 744 1337 vir
774 1292 889 1337 velit

253 1368 402 1425 Fieri,
429 1366 479 1411 id
502 1365 634 1411 facias
648 1399 661 1423 ,
683 1381 830 1426 quam
858 1366 1101 1412 advorsere
1122 1360 1321 1414 contra?

569 1469 1214 1505 CLEOSTRATA.

1138 1555 1251 1625 Qua
1276 1553 1334 1599 de
1356 1568 1404 1598 re
1418 1553 1440 1597 Ξ)

599 1693 602 1698 .
656 1661 1145 1710 ,51AL1N0..
1212 1704 1215 1709 y

571 1714 577 1721 ‘
608 1716 610 1720 A
665 1717 671 1720 ⁵
1340 1729 1488 1792 Rogas
1503 1719 1535 1772 θ’

254 1798 405 1861 Super
445 1801 611 1846 ancilla
646 1799 808 1845 Casina
827 1833 840 1856 ,
868 1809 923 1844 ut
956 1799 1094 1848 detur
1122 1811 1334 1863 nuptum
1365 1811 1527 1845 nostro

508 1869 695 1928 villico,
758 1883 762 1891 ’

252 1942 398 1990 Servo
425 1943 575 2007 frugi,
603 1954 748 2004 atque
775 1943 860 1988 ubi
884 1943 954 1989 illi
973 1943 1099 1990 bene
1119 1945 1202 2002 sit,
1225 1946 1355 2009 ligno
1373 1979 1386 2002 ,
1404 1959 1524 2004 aqua

435 2056 440 2060 .
507 2016 679 2073 calida,
712 2016 851 2074 cibo,
1480 2015 1483 2022 ’

253 2087 558 2137 Vestimentis
571 2124 584 2147 ‚
607 2089 791 2149 ubique
819 2089 988 2136 educat
1004 2106 1197 2152 pueros,
1217 2106 1337 2151 quos
1353 2089 1495 2151 pariat
1509 2122 1524 2144 ,

486 2161 666 2224 potius

253 2234 415 2302 Quan}
438 2235 506 2281 illi
537 2251 669 2280 servo
690 2249 902 2294 nequam
924 2234 1003 2280 des
1023 2235 1248 2298 armigero
1263 2267 1279 2293 ,
1301 2231 1436 2278 nihili
1459 2242 1524 2276 ata

506 2323 602 2367 que
636 2307 874 2368 inprobo,
907 2314 926 2328 ²

256 2383 393 2453 Quoi
409 2380 594 2430 homi'ni
611 2387 755 2433 hodie
765 2389 922 2448 peculi
934 2403 1159 2440 nummus
1173 2401 1270 2432 non
1287 2395 1353 2432 est
1368 2385 1526 2445 plum-

505 2457 632 2502 beus.
1456 2474 1458 2477 ·
