1650 2826
290 209 375 251 172
638 178 1172 239 ASINARIA.
1421 210 1572 256 *1²59*ss

690 314 1134 348 LEONIDA.

275 391 556 458 ffuscultate
573 424 586 447 ‚
622 401 769 451 atque
802 407 995 452 operam
1033 391 1141 437 date
1160 424 1174 448 ,
1210 401 1258 436 et
1292 406 1398 436 mea
1434 389 1565 436 dicta,

370 523 371 526 Ἴ
539 461 773 511 devorate.

281 539 497 586 PrImum
526 539 748 584 omnium
787 554 939 584 servos
967 548 1075 583 tuos
1101 552 1188 583 nos
1223 553 1316 583 esse
1346 535 1447 583 non
1476 552 1565 584 ne-

535 628 696 675 gamllS
712 630 722 656 :

285 683 379 730 Sed
409 685 444 730 si
474 684 562 730 tibi
590 683 760 747 viginti
784 684 941 728 minae
969 683 1146 748 argenti
1172 683 1497 746 proferentur,

284 757 401 826 Quo
426 774 511 803 nos
535 756 722 803 vocabis
743 756 977 801 nomine?

595 856 1243 895 ARGYRIPPUS.

955 935 1183 980 Libertos.

694 1030 726 1063 L
761 1030 792 1063 Ε
829 1030 860 1062 o
898 1030 932 1063 N
968 1031 988 1062 1
1025 1030 1060 1062 D
1097 1029 1146 1062 A.
1215 1039 1221 1044 ·

1166 1097 1279 1143 Non
1301 1096 1563 1159 patronos?

589 1197 621 1233 A
659 1199 692 1232 R
729 1197 762 1230 G
797 1197 831 1228 Y
866 1197 900 1230 R
934 1196 955 1228 1
990 1196 1017 1228 Ρ
1051 1193 1082 1229 Ρ
1118 1196 1154 1228 U
1191 1195 1230 1229 s.

282 1259 341 1305 Id
369 1259 540 1322 potius.

704 1351 734 1383 L
771 1351 800 1383 E
838 1350 869 1382 O
907 1351 940 1383 N
978 1349 998 1382 I
1035 1351 1070 1382 D
1105 1349 1154 1385 Α.

575 1419 757 1484 Viginti
781 1418 939 1464 minae
968 1418 1044 1464 hic
1075 1418 1237 1464 insunt
1265 1419 1314 1465 in
1337 1421 1561 1468 crumina.

284 1495 379 1540 Has
408 1510 494 1559 ego
509 1529 521 1551 ‚
545 1493 580 1539 si
602 1493 669 1540 vis
684 1528 697 1549 ‚
721 1492 810 1538 tibi
832 1492 970 1538 dabo.

593 1603 628 1636 A
662 1604 697 1637 R
734 1603 766 1636 G
801 1602 835 1634 Y
872 1603 905 1636 R
939 1602 960 1634 Ι
995 1601 1023 1634 P
1061 1601 1090 1634 P
1127 1599 1163 1632 U
1199 1600 1236 1633 s.

927 1670 1010 1716 Dii
1031 1681 1079 1716 te
1097 1671 1335 1718 servassint
1352 1689 1565 1735 semper,

285 1744 452 1791 Custos
468 1745 621 1790 herilis
633 1779 645 1801 ‚
669 1743 810 1789 decus
825 1743 1021 1804 populi3
1037 1743 1277 1788 thesaurus
1293 1745 1561 1805 copiarum,

284 1816 413 1862 Salus
442 1816 668 1861 interioris
693 1814 897 1860 hominis
913 1849 926 1871 ‚
953 1814 1218 1875 amorisque
1241 1815 1523 1877 imperator:

267 1888 376 1952 «Hic
401 1904 530 1950 pone
546 1922 559 1945 ,
588 1887 664 1933 hic
688 1887 822 1933 istam
855 1887 1052 1933 conloca
1082 1887 1348 1935 cruminam
1366 1890 1417 1935 in
1435 1892 1560 1940 collo

541 1961 694 2022 plane.

683 2064 1128 2100 LEONIDA.

287 2140 414 2187 Nolo
451 2157 538 2206 ego
575 2151 623 2186 te
645 2175 658 2197 ‚
700 2140 786 2202 qui
829 2140 968 2195 herus
1014 2141 1069 2186 sis
1107 2141 1252 2199 mihi,
1285 2156 1405 2187 onus
1439 2140 1560 2188 istuc
1632 2170 1634 2172 v

544 2214 781 2260 sustinere.

610 2316 644 2348 A
681 2318 714 2350 R
752 2319 783 2350 G
821 2319 854 2351 Y
890 2320 923 2352 R
957 2319 978 2352 1
1012 2318 1041 2351 Ρ
1078 2318 1105 2351 Ρ
1143 2318 1178 2360 u
1214 2317 1251 2350 s.

288 2387 424 2458 Quin
458 2399 512 2434 tu
543 2391 703 2438 labore
741 2395 903 2441 liberas
933 2406 1007 2453 te,
1033 2407 1178 2456 atque
1203 2393 1336 2440 istam
1366 2395 1568 2456 inponis*
1600 2388 1601 2394 ἵ

540 2478 591 2508 m
618 2480 710 2511 me.
