1650 2826
235 225 326 288 488
670 222 1071 270 CASINA.
1380 223 1537 284 v.5o'

651 345 1091 381 STALINO.

235 418 466 472 Ut,.enim
496 418 618 481 frugi
649 435 781 465 servo
813 419 950 464 detur
984 418 1143 479 potius
1157 417 1173 474 ,’
1210 434 1354 479 quam
1384 432 1515 466 servo

491 492 711 552 inprobo.

551 585 1195 621 CLAEoser'ATA.

242 665 383 736 Quid
400 665 435 710 si
454 681 541 728 ego
561 664 746 725 inpetro
761 698 774 720 ,
795 674 940 724 atque
959 679 1104 710 exoro
1122 658 1148 708 a
1164 662 1320 713 villico
1335 698 1348 720 ‚
1370 680 1521 710 caussa

495 752 602 781 mea

245 810 310 857 Ut
340 827 443 857 eam
471 809 539 855 illi
566 809 847 871 permittat?

669 913 690 946 S
729 913 759 945 T
795 913 829 946 A
863 913 892 945 L
930 912 949 944 Ῑ
983 911 1017 944 N
1055 913 1102 944 Ο.

476 987 611 1057 Quid
630 988 665 1032 si
690 1005 776 1051 ego
799 998 957 1032 autem
983 988 1042 1032 ab
1066 986 1291 1051 armigero
1313 987 1526 1048 inpetro,

252 1061 369 1106 Eam
386 1059 455 1105 ilfi
480 1060 754 1121 permittat?
779 1070 923 1120 atque
940 1060 1033 1106 hoc
1051 1060 1191 1106 credo
1215 1060 1526 1122 inpetrassere.

577 1166 1225 1202 CLEOSTRATA.

256 1238 506 1292 Convenit.
539 1239 606 1285 vis
628 1239 719 1284 tuis
745 1238 1000 1284 Chalinum
1030 1240 1124 1284 huc
1153 1255 1349 1286 evocem
1377 1238 1530 1285 verbis

511 1311 669 1356 foras?

257 1384 338 1431 Tu
363 1401 476 1430 eum
501 1395 664 1442 orato,
693 1400 780 1448 ego
812 1395 974 1432 autern
995 1385 1138 1431 orabo
1161 1385 1387 1431 villicum.

676 1483 698 1517 s
736 1484 766 1516 T
802 1484 837 1517 A
871 1485 901 1518 1.
939 1485 959 1516 Ι
997 1486 1030 1518 Ν
1070 1485 1118 1517 ο.

1225 1569 1228 1572 ·
1271 1542 1534 1599 Sanevolo.

568 1634 1213 1670 CLEOSTRATA.

258 1710 366 1768 Jam
391 1709 469 1757 hic
495 1709 594 1755 erit.
625 1725 756 1756 nunc
782 1709 1106 1772 experiemur,
1126 1696 1342 1754 nostrum
1362 1717 1466 1754 uter
1483 1705 1545 1752 si·

516 1782 749 1828 blandior.

681 1878 1119 1913 STALINO.

265 1955 493 2003 Hercules
525 1953 871 2016 Diiquelistam
899 1953 1100 2018 perdant
1117 1987 1132 2010 ,
1166 1952 1302 2014 quod
1332 1942 1460 1999 nunc
1486 1952 1542 1997 li-

522 2038 622 2073 ceat
654 2027 819 2073 dicere.

269 2099 371 2164 Ego
396 2098 647 2146 discrucior
665 2100 802 2145 miser
827 2115 1006 2145 amore:
1032 2099 1110 2144 illa
1136 2108 1298 2144 autem
1324 2095 1452 2158 quasi
1476 2095 1540 2140 ob

524 2173 804 2219 industriam

264 2243 335 2289 Mi
351 2246 633 2291 adversatur.
658 2245 846 2290 subolet
866 2244 959 2290 hoc
975 2245 1075 2307 jam
1100 2242 1264 2299 uxori,
1295 2238 1429 2301 quod
1455 2254 1543 2302 ego

524 2318 791 2364 machinor:

274 2386 472 2448 Propter
497 2406 598 2434 earn
621 2406 722 2434 rem
745 2389 889 2453 magite>
912 2389 1139 2452 armigero
1167 2385 1245 2430 dat
1267 2399 1456 2446 operam
1481 2382 1541 2429 de

530 2460 768 2506 industria.
