1650 2826
244 242 334 286 572
507 226 1264 275 CISTELLARIA.
1396 242 1529 286 πμ

629 346 1138 381 MELAENIS.

243 430 375 478 Abiit
405 431 530 476 intro
565 430 718 476 iratus.
747 429 868 490 quid
902 445 989 493 ego
1009 445 1140 475 nunc
1163 430 1329 494 agam?
1357 430 1393 475 si
1417 429 1526 475 red-

496 512 599 547 ient

245 583 331 629 Ina
349 582 410 628 ad
427 582 583 635 hunc,
611 580 793 627 ibidem
820 579 914 627 loci
935 596 1005 626 res
1025 581 1123 627 erit.
1149 581 1236 628 ubi
1254 581 1423 627 odium
1446 592 1528 627 oc-

499 665 676 715 ceperit
694 688 708 710 ‚

248 736 386 781 Illam
421 735 670 791 extrudet,
705 750 859 795 quom
894 735 1016 780 hanc
1047 750 1248 781 uxorem
1278 732 1528 779 Lemniam

510 809 657 854 ducet
682 807 897 854 domum.

222 889 341 940 *Sed
371 901 531 937 tamen
558 891 641 937 ibo
671 901 719 935 et
745 906 1012 952 persequar.
1044 905 1202 955 amens
1226 904 1287 934 ne
1312 884 1433 947 quid
1459 884 1527 930 fa-

502 964 618 1020 ciat,
645 974 784 1009 cauto
817 978 917 1022 opu
940 963 1006 1008 'st.

247 1044 517 1100 Postremo,
550 1042 745 1103 quando
779 1058 930 1102 aequa
958 1043 1062 1106 lege
1092 1038 1290 1103 pauperi
1323 1051 1435 1082 cum
1455 1035 1528 1080 di-

501 1127 599 1161 vite

247 1195 361 1240 Non
383 1194 493 1240 licet
507 1229 520 1252 ,
545 1194 744 1255 perdam
765 1207 956 1254 operam
977 1189 1138 1250 potius
1153 1223 1167 1246 ,
1191 1204 1338 1249 quam
1359 1188 1527 1235 carebo

504 1265 611 1311 filia.

251 1346 346 1392 Sed
379 1346 484 1407 quis
515 1344 593 1389 hic
626 1353 719 1400 est,
755 1343 840 1404 qui
875 1352 1000 1388 recta
1032 1343 1187 1404 platea
1215 1357 1406 1388 cursum
1432 1341 1529 1387 huc

505 1415 754 1461 contendit
787 1415 963 1461 suum?
1456 1414 1459 1417 ’

254 1498 317 1545 Et
343 1497 464 1557 illud
495 1513 648 1558 paveo
669 1531 682 1553 ,
717 1507 764 1541 et
795 1497 887 1542 hoc
918 1494 1154 1542 formido:
1192 1495 1256 1541 ita
1288 1505 1390 1542 tota
1417 1511 1524 1540 sum

503 1584 669 1614 misera
692 1584 743 1613 m
766 1579 915 1614 metu.

619 1730 995 1780 SCENA
1060 1708 1209 1776 112'

531 1889 1251 1926 LAMPADISCUS.

255 1974 499 2086 ANUM
534 2046 732 2085 sectatus
759 2053 865 2082 sum
894 2036 1098 2082 clamore
1129 2049 1214 2095 per
1240 2032 1359 2079 v‘ias:

258 2112 586 2158 Miserrumam
611 2110 771 2156 habui,
796 2121 852 2155 ut
877 2109 1008 2154 illaec
1035 2106 1180 2152 hodie
1208 2115 1331 2166 quot
1355 2103 1510 2149 modis
1540 2114 1545 2116 ’
1605 2162 1610 2172 .

259 2182 358 2229 Sibi
390 2182 677 2228 moderatrix
707 2181 824 2238 fuit,
853 2192 998 2242 atque
1019 2176 1413 2225 inmemorabilis!

260 2257 399 2325 Quot
428 2256 495 2300 illi
521 2255 797 2302 blanditias!
835 2254 955 2314 quid
984 2253 1051 2298 illi
1078 2250 1271 2313 promisi
1299 2247 1447 2295 boni.t

260 2328 400 2397 Quot
429 2326 700 2373 admoenivi
723 2325 936 2375 fabricas!
969 2335 1092 2386 quot
1120 2320 1339 2368 fallacias!

260 2401 319 2446 In
352 2401 625 2461 quaestione
654 2401 737 2445 vix
767 2398 995 2459 exsculpsi
1027 2408 1082 2442 ut
1109 2395 1317 2450 diceret,

260 2473 388 2542 Quia
416 2472 460 2518 ei
486 2472 680 2535 promisi
710 2472 896 2518 dolium
923 2469 1023 2519 vini
1054 2468 1177 2515 dare.
