1650 2826
88 168 278 229 *msa
488 167 1000 237 ,AcTusL
1310 185 1411 252 ψ

427 290 1116 340 ΡιρτοςιΒΒυε.

646 353 769 402 Sine.

543 446 576 481 Β
610 446 646 479 A
680 447 707 479 c
743 447 771 479 c
809 446 843 479 H
877 447 900 480 1
934 446 973 481 s.

768 513 884 560 Sino
909 514 1137 576 equidem
1155 546 1171 573 ,
1191 514 1228 561 si
1254 514 1402 563 lubet.

135 576 559 643 P1opera,amabo.

413 658 1128 708 P'ISTOCLEnus(

329 748 460 795 Prius
480 749 557 795 hic
578 747 724 794 adero
739 781 753 805 ‚
773 764 920 809 quam
939 759 987 793 te
1010 762 1163 792 amare
1183 745 1407 794 desinams

489 842 518 874 Β
551 841 587 875 A
623 841 650 873 c
682 841 710 873 c
747 842 781 874 H
817 842 837 875 1
873 841 897 874 s
962 841 984 874 1
1011 841 1046 873 1.

132 900 262 950 Bene
291 919 382 951 me*
397 905 565 967 accipis
594 902 951 960 advenientem,
970 918 1078 949 mea
1100 916 1241 948 soror.

500 998 531 1032 B
565 997 600 1031 A
636 997 664 1030 C
699 998 726 1031 C
762 997 797 1031 Η
831 997 852 1031 Ι
888 997 912 1031 S
979 998 1013 1030 1.

907 1066 1044 1138 Quid
1066 1067 1156 1124 ita,
1180 1061 1409 1112 obsecro?

490 1158 519 1191 Β
554 1159 588 1192 A
621 1160 649 1192 c
684 1160 711 1192 c
746 1159 781 1192 H
814 1158 836 1192 1
871 1159 894 1193 s
959 1159 980 1192 1
1000 1159 1036 1190 1.

136 1230 263 1300 Quia
288 1231 513 1292 piscatus,
533 1249 642 1277 meo
665 1232 864 1291 quidem
886 1232 1076 1290 animo,
1102 1231 1179 1276 hic
1202 1229 1291 1276 tibi
1312 1229 1402 1276 ho-

385 1303 461 1348 die
494 1304 651 1348 evenit
680 1304 849 1350 bonus.

519 1397 548 1428 Β
582 1396 616 1428 Α
652 1398 679 1430 c
714 1399 741 1430 c
777 1397 811 1430 H
843 1398 865 1430 1
902 1396 925 1429 s
992 1397 1029 1429 1.
1400 1423 1422 1443 ³,

134 1461 270 1507 Meus
287 1461 365 1508 ille
386 1454 586 1523 quidem
604 1465 670 1520 ’st.
700 1465 788 1511 tibi
813 1480 943 1512 nunc
966 1479 1158 1527 operam
1181 1462 1306 1511 dabo
1339 1464 1402 1510 de

387 1535 680 1581 Mnesilocho
698 1570 712 1593 ‚
748 1552 908 1595 soror,

135 1603 201 1650 Ut
233 1605 309 1650 hic
344 1606 535 1667 accipias
565 1608 725 1668 potius
756 1624 956 1667 aurum,
999 1624 1146 1670 quam
1183 1608 1295 1654 hinc
1329 1599 1407 1653 eas

394 1693 507 1724 cum
531 1679 697 1726 Milite.

484 1774 514 1806 Β
548 1774 583 1807 Α
617 1776 644 1808 c
678 1776 706 1808 c
742 1776 776 1810 H
809 1777 831 1808 1
867 1775 891 1810 s
955 1777 977 1809 1
997 1777 1032 1810 1.

135 1822 305 1884 Cupio.

502 1903 533 1937 Β
567 1903 603 1937 A
636 1905 664 1938 c
699 1905 726 1938 c
762 1905 797 1938 H
831 1906 853 1938 1
889 1905 937 1939 s.
977 1906 1014 1938 1.

232 1966 437 2014 Dabitur
453 1985 607 2031 opera.
636 1989 759 2033 aqua
775 1974 906 2019 calet.
936 1989 1095 2019 eamus
1110 1973 1222 2018 hinc
1245 1972 1399 2030 intro,‘

844 2056 900 2091 ut
929 2047 1063 2092 laves.
1384 2040 1388 2045 ’

133 2112 259 2159 Nam
289 2124 344 2160 ut
370 2114 420 2159 in
443 2117 553 2162 navi
580 2127 714 2163 vecta
741 2135 787 2164 es
802 2153 815 2175 ,
839 2118 980 2164 credo
996 2152 1010 2175 ‚
1029 2117 1194 2163 timida
1211 2133 1269 2163 es.

490 2208 519 2241 Β
554 2209 590 2242 A
623 2210 650 2241 c
687 2211 713 2242 c
748 2211 786 2243 H
816 2211 837 2243 1
873 2210 895 2244 s
961 2211 983 2244 1
1002 2211 1037 2243 1.

893 2277 1206 2340 Aliquantum
1219 2314 1233 2337 ,
1256 2296 1400 2337 sotor.

134 2341 284 2391 Simul
313 2345 422 2391 hinc
445 2348 599 2394 nescio
627 2349 712 2409 qui
739 2350 923 2408 turbat,
952 2353 1038 2413 qui
1067 2353 1162 2399 huc
1190 2354 1241 2400 it.
1264 2352 1408 2400 dece*

1094 2501 1140 2546 T
1165 2518 1197 2563 4
