1650 2826
227 174 319 233 352
539 166 1169 216 BACCHIDES.
1324 146 1503 228 'v.44

229 281 331 345 Ego
367 295 480 325 eum
513 277 630 323 adeo
665 293 765 323 uno
797 276 1045 322 mendacio
1075 275 1253 333 devici,
1285 293 1385 323 uno
1407 277 1507 324 ictu

482 350 759 410 extempulo

230 432 357 494 Cepi
377 430 535 492 spolia.
573 429 608 474 is
642 445 772 474 nunc
807 428 1037 475 ducentos
1072 429 1296 476 nummos
1327 429 1507 492 Philip-

481 519 568 564 pos
600 502 739 546 militi
760 536 772 557 ,

231 588 368 656 Quos
401 585 508 630 dare
538 599 584 627 se
615 582 856 643 promisit,
892 583 1037 638 dabit.

229 669 372 714 Nunc
400 665 550 712 alteris
581 666 725 710 etiam
754 665 969 711 ducentis
998 683 1087 712 usu
1109 667 1189 723 ’st,
1216 666 1302 727 qui
1325 664 1509 727 dispen⁴

488 751 648 784 sentur

228 817 318 863 Ilio
343 825 482 878 capto
504 834 513 860 :
548 823 603 859 ut
633 812 690 858 sit
713 814 949 870 mulsum,
979 814 1064 875 qui
1093 814 1392 875 trifimphent
1418 814 1509 859 mi-

484 886 600 932 lites.
904 937 906 939 ¹
1344 926 1347 929 ,

231 958 328 1005 Sed
352 959 561 1005 Priamus
589 957 666 1002 hic
696 957 854 1001 multo
882 956 949 1002 illi
982 969 1193 1019 praestat.
1229 953 1330 1003 hon
1365 958 1510 1019 quin-

485 1030 710 1093 quaginta
733 1029 881 1075 modo
903 1064 916 1087 ,

230 1111 618 1181 Quadringentos
645 1112 763 1158 filios
786 1113 953 1163 habet3
984 1124 1130 1174 atque
1155 1114 1383 1176 equidem
1405 1131 1510 1160 om-

485 1203 567 1232 nes
593 1188 738 1232 lectos
760 1186 858 1231 sine
886 1186 1098 1247 probro:

230 1268 323 1314 Eos
353 1285 439 1333 ego
465 1268 610 1314 hodie
639 1267 793 1313 omnis
826 1267 1153 1314 contruncabo
1185 1241 1393 1314 duobus
1407 1268 1513 1315 solis

493 1340 678 1386 ictibus.

233 1423 375 1470 Nunc
408 1423 594 1470 Priamo
628 1435 788 1470 nostro
825 1425 861 1470 si
891 1435 958 1470 est
997 1424 1103 1485 quis
1133 1435 1316 1482 emtor5
1353 1433 1513 1471 coem-

486 1499 713 1545 tionalem
736 1514 897 1543 senem

234 1578 455 1626 Vendam
481 1597 567 1644 ego
584 1615 597 1637 ,
628 1580 847 1626 venalem
876 1595 1024 1639 quem
1056 1577 1240 1638 habeo,
1272 1544 1513 1639 extemplo

489 1652 573 1698 ubi
599 1652 837 1714 oppidum
863 1666 1210 1714 expugnavero.

237 1730 332 1778 Sed
361 1733 603 1778 Priamum
633 1744 861 1779 astantem
895 1748 1061 1777 eccum
1091 1741 1200 1776 ante
1232 1742 1421 1793 portam
1447 1729 1523 1777 xri-⁸

490 1806 596 1852 deo.
631 1806 774 1851 adibo
792 1841 804 1863 ‚
831 1805 977 1866 atq'ue
998 1805 1224 1866 alloquar.

596 1910 1168 1947 NICOBULUS.

239 1988 469 2037 Cuianam
488 2006 586 2037 vox
606 2005 758 2051 prope
777 2005 854 2034 me
873 1998 1007 2034 sonat
1019 1987 1042 2032 ἓ)

599 2089 625 2120 c
662 2089 696 2120 H
732 2088 765 2120 R
801 2086 836 2119 Y
874 2086 895 2119 s
933 2085 967 2117 A
1001 2085 1030 2116 L
1069 2083 1103 2115 U
1139 2083 1177 2116 s.

917 2159 966 2206 O
991 2157 1256 2205 Nicobule!

602 2267 635 2299 N
670 2266 690 2298 1
727 2267 753 2298 c
791 2242 828 2298 o'
861 2265 889 2296 Β
924 2264 959 2296 u
993 2263 1024 2296 1.
1063 2262 1096 2294 U
1134 2261 1173 2294 s.

1083 2336 1219 2407 Quid
1248 2334 1336 2381 fit?
1368 2334 1514 2396 quid,

243 2418 396 2489 Quod
412 2430 460 2465 te
486 2419 619 2476 misi,
646 2420 820 2479 ecquid
852 2418 1016 2482 egisti?
1511 2417 1516 2420 ’
