1650 2826
260 215 353 270 560
529 205 1285 254 CISTELLARIA.
1418 210 1539 258 v.8¹2

259 318 443 365 Verum
472 315 601 361 enim
621 314 843 360 meretrix
870 312 1099 358 fortunati
1127 323 1195 359 est
1219 314 1387 375 oppidi
1405 315 1546 360 simil-

520 390 679 443 luma,

257 462 372 507 Non
400 470 559 522 potest
585 475 719 504 suam
749 474 851 503 rem
875 457 1092 504 obtinere
1127 459 1224 503 sola
1253 457 1352 503 sine
1378 458 1541 504 multis

514 531 634 578 viris.

651 619 1158 654 SILENIUM.

259 698 370 744 Hoc
385 697 499 743 volo
520 695 660 760 agatis
677 714 686 739 ε
709 711 806 756 qua
822 695 1058 758 arcessitae
1077 712 1229 742 caussa
1245 695 1307 741 ad
1323 711 1402 741 me
1419 697 1546 754 estis,

516 769 733 828 eloquan

259 843 386 889 Nam
413 859 523 889 mea
551 853 701 887 mater
718 876 731 898 ,
753 841 866 902 quia
889 857 976 905 ego
1004 842 1120 887 nolo
1144 857 1226 889 rne
1250 839 1545 886 meretricem

524 913 691 970 dicier,

262 991 505 1037 Obsecuta
536 1000 631 1044 est,
664 987 723 1032 de
748 1002 810 1042 ea&
829 1001 879 1030 re
913 985 1048 1049 gessit
1076 1001 1262 1033 morem
1289 987 1546 1051 morigerae

513 1061 633 1106 mihi
652 1095 666 1117 ‚

260 1139 326 1184 Ut
348 1154 426 1183 me
442 1171 456 1194 ‚
478 1152 628 1198 quem
656 1150 742 1198 ego
770 1148 977 1178 amarem
995 1134 1193 1198 graviter
1208 1168 1223 1191 ,
1244 1133 1414 1180 sineret
1433 1151 1544 1181 cum

516 1224 572 1252 eo
591 1221 762 1253 Vivere.

781 1299 811 1331 L
846 1299 877 1331 E
913 1299 947 1332 N
982 1300 1030 1332 A.

261 1375 416 1422 Stulte
433 1382 608 1419 ecastor
624 1370 761 1416 fecit:
793 1369 875 1414 sed
898 1380 954 1415 tu
979 1385 1279 1431 enumquam
1301 1385 1414 1416 cum
1435 1369 1540 1431 qui-

523 1461 671 1505 quam
696 1459 799 1490 vrro

265 1519 562 1567 Consuevisti
580 1518 612 1563 θ’

658 1595 694 1644 3ι
720 1595 748 1641 r
778 1593 810 1626 L
844 1593 874 1626 E
909 1592 943 1625 N
975 1593 997 1625 1
1032 1593 1068 1625 U
1103 1593 1161 1626 M.

454 1664 555 1708 Nisi
583 1663 784 1723 quidem
808 1679 918 1707 cum
934 1662 1280 1708 Alcesimarcho
1294 1697 1307 1719 ‚
1329 1662 1540 1709 nemine:

260 1741 434 1801 Neque
454 1738 738 1800 pudicitiam
754 1754 910 1782 meam
928 1737 1049 1782 mihi
1066 1737 1182 1783 alius
1203 1737 1458 1798 quisquam
1476 1735 1545 1780 in-

511 1812 701 1858 minuit.

777 1888 806 1920 L
843 1888 872 1920 E
911 1888 946 1920 N
980 1888 1031 1922 A·

1308 1939 1541 1995 Obsecro,—

262 2015 376 2084 Quo
402 2014 438 2058 is
466 2013 616 2058 horno
640 2012 894 2059 insinuavit
925 2022 1064 2072 pacto
1096 2027 1142 2056 se
1167 2009 1228 2056 ad
1253 2022 1301 2057 te
1317 2011 1340 2056 Ξ)

648 2106 670 2138 s
707 2106 727 2137 1
764 2105 794 2137 L
829 2105 859 2136 Ε
897 2105 929 2137 N
964 2105 986 2136 1
1024 2103 1058 2135 U
1097 2105 1154 2136 M.

492 2211 494 2214 .
1202 2157 1289 2201 Per
1312 2153 1539 2216 Dionysia

257 2230 408 2275 Mater
423 2245 657 2290 pompam
676 2244 755 2274 me
773 2238 1041 2289 spectatum
1070 2228 1222 2274 duxit.
1251 2227 1371 2273 dum
1391 2223 1535 2270 redeo

512 2303 716 2347 domum
733 2337 746 2358 ,

262 2375 546 2436 Conspicillo
568 2388 831 2423 consecutu
847 2376 900 2422 ’st
913 2377 1187 2423 *clanculum
1204 2390 1283 2419 me
1305 2388 1457 2433 usque
1475 2371 1535 2417 ad

511 2447 631 2492 foris.
