1650 2826
244 217 334 277 458
586 214 1196 264 CAPTEIVEI.
1397 233 1520 265 ·v—.1

515 360 1045 418 ACTUS
1162 361 1236 419 V.

659 489 993 538 SCENA
1085 491 1124 535 I.

267 624 492 661 HEGIo,
532 623 1032 660 PHILOPOLEMUS..
1075 621 1504 659 PHILOCRATES.

720 752 1039 786 HEGIO.

245 813 307 936 J
311 891 409 925 OVI
443 878 645 938 Diisque
674 894 761 941 ago
798 877 958 941 gratias
987 876 1157 923 merito
1183 893 1401 940 magnas,

246 951 414 1020 Quom
445 963 494 996 te
526 951 750 996 reducem
781 961 868 995 tuo
900 948 1021 1009 patri
1049 947 1391 1004 reddiderunt,

243 1024 513 1092 Quomque
543 1038 602 1067 ex
629 1022 817 1068 miseriis
851 1021 1062 1082 plurimis
1099 1038 1177 1066 me
1212 1031 1521 1077 exemerunt,

242 1098 400 1165 Quas,
432 1095 551 1142 dum
577 1107 624 1140 te
652 1094 911 1140 carendum
933 1095 1009 1140 hic
1029 1094 1120 1139 fuit
1135 1128 1148 1151 ‚
1170 1092 1486 1139 sustentabam
1507 1112 1515 1137 :

294 1185 509 1230 uomque
540 1170 671 1214 hunc
699 1167 936 1228 conspicio
962 1168 1013 1213 in
1037 1177 1271 1228 potestate
1299 1177 1456 1211 nostra
1473 1199 1488 1222 ,

295 1256 511 1300 uomque
534 1240 649 1284 haec
672 1249 852 1300 reperta
881 1250 948 1284 est
973 1237 1087 1284 fides
1113 1238 1247 1283 firma
1272 1236 1424 1282 nobis.

232 1307 355 1385 ⁴Satis
380 1313 477 1375 jam
505 1311 640 1356 dolui
666 1327 725 1356 ex
750 1311 938 1369 animo,
960 1322 1007 1357 et
1032 1327 1142 1357 cura
1164 1308 1370 1356 mesatis

238 1387 301 1435 Et
326 1385 542 1434 lacrumis
565 1385 805 1433 maceravi.

487 1478 1274 1514 PHILOPOLEMUS.

986 1552 1094 1598 Oh!
1119 1552 1220 1598 satis
1238 1552 1339 1615 jam
1361 1549 1520 1595 audivi

244 1629 370 1675 Tuas
388 1645 632 1674 aerumnas
647 1662 661 1686 ,
680 1627 740 1674 ad
755 1638 951 1690 portum
970 1626 1089 1673 mihi
1108 1642 1223 1687 quas
1236 1622 1517 1671 memorasti.

241 1702 349 1761 Hoc
385 1720 587 1766 agamus-

532 1791 1237 1830 PHILOCRAToEs.

440 1866 524 1910 uid
541 1869 671 1912 nunc
687 1898 700 1920 ‚
720 1862 951 1924 quoniam
972 1872 1133 1906 tecum
1154 1858 1328 1905 servavi
1346 1857 1518 1914 fidena,

243 1936 455 1998 Tibique
485 1938 614 1982 hunc
640 1936 866 1981 reducem
892 1934 952 1978 in'
970 1926 1236 1978 libertatem
1258 1930 1378 1976 feci?

718 2030 751 2063 H
787 2030 816 2061 E
855 2027 893 2061 Gv
923 2029 943 2060 1
981 2028 1030 2061 ο.

1115 2085 1311 2142 Fecisti,
1330 2095 1386 2131 ut
1403 2083 1487 2129 tibi
1498 2117 1513 2139 ,

241 2170 526 2215 Philocrates
553 2203 567 2226 ,
606 2183 876 2228 numquam
910 2163 1077 2210 referre
1115 2162 1308 2226 gratiam
1343 2159 1523 2220 possim

493 2242 628 2300 satis,

251 2315 454 2360 Proinde
475 2326 530 2359 ut
548 2327 603 2361 tu
620 2314 884 2376 promeritu
898 2313 929 2356 ’s
948 2310 1007 2356 de
1025 2325 1103 2355 me
1122 2318 1167 2353 et
1185 2306 1282 2352 filio
1302 2319 1426 2348 meo..

484 2404 1274 2449 PHILOPOLEMUS..

1171 2478 1521 2538 Immopotes,
