1650 2826
144 186 265 230 ηιμ»
425 163 712 214 ACTUS
765 165 846 210 II.
903 165 1010 212 SC.
1065 167 1102 213 1.
1323 187 1382 232 47

115 278 303 325 Ordine
324 290 497 332 omne,
515 273 586 321 uti
603 269 821 333 quidque
843 283 1003 317 actum
1022 274 1075 318 ’st
1088 307 1102 330 ,
1121 273 1240 320 dum
1257 277 1387 337 apud

367 350 519 395 hostes
552 345 754 392 sedimus
772 379 787 402 ‚
845 376 848 378 ,

119 419 438 470 Edissertavit;
466 430 572 465 tum
595 418 795 464 formam
824 434 920 465 una
948 418 1140 465 abstulit
1165 435 1277 467 cum
1298 437 1390 468 no-

368 493 510 539 mine.

118 564 287 626 Neque
311 565 380 610 lac
409 563 517 608 lacti
542 562 685 625 magis
713 572 780 607 est
809 562 986 621 simile,
1016 579 1162 624 quam
1190 564 1269 609 ille
1302 581 1390 628 ego

365 635 504 680 simili
528 635 581 679 'st
610 634 718 679 mei.

118 707 241 756 Nam
271 718 328 754 ut
353 707 540 752 dudum
565 717 673 751 ante
702 707 859 753 lucem
881 725 908 753 a
925 720 1071 770 portu
1091 725 1171 756 me
1191 710 1392 771 praemi-

368 780 461 825 sisti
497 779 756 825 domum-

457 889 1051 924 AMPHITRUO.

118 964 469 1036 Quidiginu?

609 1047 901 1082 SOSIA.

275 1132 406 1178 Prius
434 1133 589 1177 multo
629 1144 738 1178 ante
766 1132 888 1178 aedis
925 1133 1103 1180 stabam
1134 1150 1282 1195 quam
1308 1135 1389 1181 illo

366 1206 656 1252 adveneram.

457 1309 494 1344 A
529 1312 571 1344 M
608 1313 636 1345 P
673 1312 707 1345 Η
742 1317 763 1349 Ῑ
799 1313 830 1345 Τ
865 1315 897 1346 R
932 1312 969 1346 U
1002 1314 1051 1347 O.

123 1395 251 1465 Quas
264 1430 278 1454 ,
298 1397 503 1455 malum,
524 1397 690 1461 nugas!
711 1397 839 1441 satin'
859 1407 915 1442 tu
931 1413 1065 1442 sanus
1082 1397 1158 1442 es?

611 1502 634 1534 S
670 1502 701 1534 Ο
739 1501 761 1534 8
796 1502 817 1534 I
852 1502 900 1534 A.

857 1635 862 1639 .
926 1581 1000 1629 Sic
1022 1599 1127 1629 sum
1142 1616 1157 1640 ,
1174 1593 1231 1629 ut
1251 1583 1394 1631 vides.

457 1689 493 1721 A
526 1689 570 1722 M
603 1688 631 1721 P
667 1689 701 1722 H
736 1689 758 1722 Ῑ
793 1690 824 1722 Τ
859 1691 893 1723 R
928 1690 964 1722 U
998 1692 1046 1724 O.

127 1761 254 1808 Huic
274 1762 456 1808 homini
477 1764 632 1809 nescio
655 1765 775 1825 quid
792 1777 859 1811 est
873 1768 985 1812 mali
1005 1770 1127 1815 mala
1150 1771 1393 1835 objectum

374 1853 520 1882 manu
538 1871 553 1893 ‚

127 1908 383 1970 Postquam
404 1926 431 1954 a
452 1926 530 1954 me
551 1910 677 1956 abiit.

612 2018 634 2050 s
655 1999 702 2050 'o
740 2018 761 2051 s
796 2020 818 2052 1
852 2021 900 2054 A.

310 2098 499 2144 Fateor:
518 2116 630 2145 nam
650 2118 755 2147 sum
771 2103 965 2148 obtusus
982 2107 1151 2170 pugnis
1167 2125 1393 2170 pessume.

468 2209 1054 2248 AMPHITRUO.

130 2279 250 2349 Quis
277 2291 325 2327 te
356 2281 648 2330 verberavit?

618 2382 908 2417 SOSIA.

378 2462 389 2469 ’
436 2465 636 2528 Egomet
650 2477 829 2512 memet
845 2501 858 2524 ,
879 2466 964 2527 qui
983 2482 1112 2514 nunc
1128 2483 1234 2514 sum
1250 2466 1393 2514 domi.
