1650 2826
206 196 280 240 XL

209 756 339 815 ³664

211 1080 340 1140 1669

211 1210 342 1271 :679

216 1988 369 2049 1683-

222 2182 347 2243 1684

219 2444 341 2510 1691

489 185 550 241 Μ.
615 151 837 240 'Acci
877 192 1211 243 PLAUTI

409 300 547 347 datur
565 300 660 347 fere
677 317 785 348 una.
811 302 1055 368 Lipsienses
1077 303 1199 357 1760
1229 302 1494 352 Gronov-iaa-

405 382 516 412 nam
548 366 799 412 reddidere
823 382 860 411 c.
886 367 1026 428 praef.
1051 368 1126 427 J0.
1159 367 1275 432 Aug.
1302 368 1490 416 Ernesti.

405 430 502 477 Nos
530 431 580 476 in
604 432 753 492 prima
778 430 849 477 ed.
870 433 1023 478 nostra
1047 446 1167 494 1779
1192 434 1491 484 emendatio-

402 512 506 543 rem
524 496 793 542 Patavinam
815 504 1016 557 ear'nque
1044 499 1236 544 alteram
1261 514 1330 544 an.
1365 500 1488 558 1764

405 576 517 607 curn
535 561 719 625 judicio
749 562 896 608 secuti
921 578 1115 609 eramus.
1143 563 1317 624 Neque
1342 564 1489 627 igitur

403 628 525 672 tanti
547 638 642 672 erat
667 626 897 672 Gronovii
929 643 1037 673 cura
1054 663 1068 685 ,
1096 638 1152 684 ut
1184 629 1282 692 ejus
1308 644 1491 675 nornen

404 700 753 753 supponeretur
786 692 897 737 huic
925 693 1075 738 aetati.
1472 707 1475 710 ⁴

403 757 614 818 Lugduni
636 757 740 802 Bat.
763 756 806 802 8.
834 756 897 802 Μ.
925 758 1032 803 Acci
1054 758 1209 804 Plauti
1238 759 1491 805 Comoediae.

407 823 586 868 Accedit
619 824 944 867 commentarius
974 839 1027 868 ex
1057 826 1274 870 variorum
1308 826 1418 870 notis
1451 835 1494 869 et

407 887 777 934 observationibus.
810 886 1008 961 Quarum
1031 888 1246 952 plurimae
1269 906 1381 934 nunc
1399 891 1493 952 pri-

407 970 523 999 mum
555 953 748 997 eduntur.
789 951 860 997 Ex
895 954 1131 998 recensione
1159 953 1234 1010 Jo.
1262 953 1493 999 Frederici

408 1017 653 1065 Gronovii.
684 1017 827 1078 Lugd.
846 1017 952 1061 Bat.
974 1034 1027 1062 ex
1050 1018 1220 1077 officina
1244 1018 1490 1064 Hackiana.

406 1082 549 1143 Lugd.
573 1083 676 1127 Bat.
710 1092 758 1127 et
785 1082 979 1127 Roterod.
1001 1082 1043 1127 8.
1067 1082 1114 1127 II
1133 1083 1329 1140 voll.Jo.
1353 1082 1492 1128 Fred.

414 1147 615 1194 Gronovii
640 1147 846 1192 secunda
863 1181 876 1200 ,
902 1164 955 1192 ex
979 1147 1149 1206 officina
1168 1147 1414 1194 Hackiana.

410 1212 626 1260 Parisiis,
658 1227 702 1269 4.
734 1211 780 1256 ΙΙ
804 1212 918 1257 voll.
938 1211 1002 1256 M.
1030 1212 1156 1257 Accii
1179 1212 1334 1258 Plauti
1345 1213 1494 1259 Sarsi-

408 1279 525 1323 natis
547 1276 787 1324 comoediae
801 1278 962 1338 viginti
987 1288 1029 1321 et
1037 1275 1314 1340 fragmenta.
1342 1278 1493 1339 Argu-

406 1345 561 1388 mentis
585 1341 846 1407 fabularum
879 1343 1090 1389 omnium,
1129 1354 1302 1387 actuum
1331 1355 1373 1388 et
1404 1360 1495 1388 sce-

408 1425 564 1454 narum
583 1409 728 1454 novis,
756 1408 1127 1470 interpretatione,
1152 1408 1289 1455 notis,
1317 1419 1360 1452 et
1381 1408 1495 1452 indi-

409 1488 456 1518 ce
482 1472 777 1520 vocabulorum
802 1473 1007 1519 omnium,
1031 1487 1252 1534 eorumque
1269 1489 1369 1517 usus
1391 1473 1495 1517 illu-

407 1539 567 1583 stravit
587 1536 791 1594 jacobus
821 1536 1073 1596 Operarius
1092 1562 1159 1570 ---
1189 1538 1233 1581 in
1261 1553 1382 1582 usum
1399 1536 1493 1582 Ser.

411 1600 631 1666 Delphini.
660 1601 870 1648 Parisiis,
906 1600 1022 1664 apud
1044 1599 1168 1646 Fred.
1194 1601 1403 1646 Leonard
1425 1625 1494 1635 --·-

408 1665 605 1725 Fundus
635 1677 702 1712 est
732 1677 984 1712 contextus
1010 1681 1035 1710 a
1060 1665 1262 1711 Grutero
1292 1665 1495 1712 refictus.

410 1731 669 1791 Operarius
691 1741 908 1782 testatur,
943 1746 994 1774 se
1015 1746 1155 1775 usum
1185 1729 1321 1776 fuisse
1341 1730 1495 1776 inedi-

411 1796 469 1839 tis
491 1796 615 1841 notis
637 1793 742 1853 Jac.
769 1794 995 1839 Corbinellz'
1014 1793 1268 1838 Florentini
1282 1829 1294 1849 ,
1316 1794 1374 1839 ad
1395 1811 1495 1840 oras

412 1858 631 1904 editionis
661 1858 817 1903 Plauti
846 1874 872 1903 a
901 1856 1137 1903 Sambuco
1167 1857 1313 1904 factae
1343 1875 1493 1906 manu

410 1923 659 1984 adscriptis.

414 1988 617 2037 Parisiis,
647 2003 683 2034 c.
705 1987 923 2033 versione
942 1987 1117 2034 Gallica
1136 1985 1179 2033 8c
1192 1988 1315 2036 notis
1330 1988 1495 2037 Annae

414 2055 453 2100 le
482 2052 625 2100 Fevre.
665 2052 870 2098 Exhibet
902 2069 1018 2099 vero
1052 2051 1455 2116 Amphitryonem
1474 2088 1492 2113 ‚

412 2118 688 2165 Rudentem
717 2130 764 2163 et
791 2118 1062 2178 Epidicum.

415 2184 745 2231 Amstelodami,
775 2182 815 2227 8.
839 2181 911 2239 Jo.
934 2183 972 2228 F
973 2183 1068 2229 red.
1097 2183 1296 2231 Gronovii
1323 2184 1488 2240 tertia,

411 2265 465 2293 ex
509 2248 786 2312 typographia
807 2247 1040 2295 Blaviana.
1083 2249 1130 2293 II
1164 2260 1281 2294 tom.
1326 2248 1487 2293 Editio

412 2312 525 2357 haec
548 2312 850 2373 praestantior
872 2313 1098 2369 habetur,
1132 2330 1278 2374 quarn
1297 2312 1487 2358 Grono-

412 2377 575 2422 vianae
598 2377 776 2437 priores
799 2377 917 2433 1664
943 2387 990 2423 et
1020 2376 1152 2437 1669.

410 2441 612 2491 Parisiis,
633 2456 705 2491 12.
730 2441 980 2491 Comedies
1005 2440 1064 2487 de
1077 2442 1241 2489 Plaute
1261 2440 1483 2487 traduites
