1650 2826
207 243 238 289 5
566 241 1134 294 PROLOGUS
1318 263 1462 313 ψη

205 345 369 394 Vereri
403 359 488 394 vos
525 363 573 392 se
607 358 655 393 et
688 358 930 407 metuere,
970 350 1035 396 ita
1073 362 1130 397 ut
1166 367 1377 414 aequom
1410 357 1495 416 ’st,

460 419 663 478 Jovem:

212 490 391 539 Verum
413 491 630 554 profecto
654 493 747 539 hoc
769 504 930 554 petere
953 510 1032 540 me
1054 497 1262 557 precario

207 563 251 611 A
274 563 408 610 vobis
422 564 558 626 jussit
581 564 749 610 leniter
770 565 903 612 dictis
927 565 1077 612 bonis.

206 638 403 686 Etenim
426 637 528 695 ille,
555 639 719 702 quoju‘
746 640 841 686 huc
857 640 989 704 jussu
1012 642 1179 698 venio,
1197 641 1443 705 Juppster,

174 756 182 759 c
207 711 324 758 Non
338 711 495 756 minus
512 728 658 772 quam
670 723 885 758 vostrum
899 713 1053 773 quivis
1066 714 1290 763 formidat
1301 721 1498 767 malum:

208 784 437 850 Humana
459 796 609 831 matre
632 796 793 843 natm,
820 787 1034 832 humano
1057 799 1212 849 patre,

211 858 370 906 Mirari
394 874 496 904 non
523 869 590 904 est
614 875 848 920 aequom,
873 859 959 905 sibi
982 860 1018 905 si
1038 863 1301 922 praetimet.

212 932 379 993 Atque
408 948 496 997 ego
523 949 725 994 quoque
749 934 890 979 etiam
907 969 920 991 ,
947 935 1033 995 qui
1048 935 1179 992 jovis
1201 952 1308 983 sum
1332 937 1481 997 filius,

214 1008 516 1072 Contagione
536 1009 629 1054 mei
651 1009 791 1070 patris
811 1020 978 1055 metuo
1002 1010 1207 1055 malurn:

213 1083 468 1145 Propterea
490 1100 606 1145 pace
629 1083 832 1130 advenio
846 1119 858 1141 ‚
880 1095 926 1129 et
947 1100 1114 1145 pacem
1137 1083 1198 1129 ad
1219 1096 1304 1131 vos
1325 1084 1480 1131 affero.

210 1156 395 1216 Justam
415 1173 517 1204 rem
537 1169 584 1203 et
602 1157 788 1204 facilem
812 1175 904 1204 esse
929 1170 1116 1204 oratum
1134 1176 1160 1204 a
1175 1159 1311 1205 vobis
1332 1160 1467 1206 volo:

214 1230 341 1277 Nam
352 1232 480 1294 juste
502 1230 563 1277 ad
575 1233 727 1295 justos
743 1232 896 1296 justus
919 1248 1025 1277 sum
1050 1243 1204 1278 orator
1226 1232 1374 1279 datus.

214 1303 342 1351 Nam
366 1304 537 1368 injusta
558 1305 618 1351 ab
635 1306 771 1370 justis
793 1306 1015 1367 inpetrari
1038 1322 1139 1352 non
1163 1305 1325 1352 decet:

211 1375 346 1436 Justa
367 1387 529 1423 autem
550 1378 611 1423 ab
634 1378 813 1443 injustis
835 1389 1022 1440 petere,
1046 1377 1310 1438 insipientia
1328 1377 1406 1423 ’stt

215 1449 419 1519 Quippe
439 1449 508 1495 illi
529 1450 685 1511 iniqui
698 1451 775 1514 jus
798 1450 1017 1514 ignorant
1033 1483 1046 1506 ,
1071 1464 1233 1509 neque
1256 1459 1436 1494 tenent.

184 1544 187 1549 »
216 1521 362 1569 Nunc
389 1524 485 1588 jam
519 1524 615 1569 huc
648 1523 865 1569 animum
898 1537 1062 1568 omnes
1096 1537 1149 1567 ea
1179 1535 1303 1583 quae
1335 1522 1506 1582 loquar

392 1589 394 1591 ¹
480 1597 728 1644 advortite.

219 1668 417 1715 Debetis
438 1671 562 1717 velle
586 1686 710 1731 quae
731 1671 945 1717 velimus.
969 1669 1232 1716 meruimus

219 1742 283 1789 Et
306 1759 393 1806 ego
419 1754 466 1788 et
487 1754 619 1803 pater
643 1743 703 1788 de
725 1743 860 1789 vobis
885 1753 932 1787 et
955 1740 1211 1802 republica.

219 1813 347 1860 Nam
371 1813 492 1874 quid
515 1830 602 1878 ego
628 1830 892 1859 memorem
907 1848 920 1869 ‚
941 1823 997 1858 ut
1017 1812 1128 1857 alios
1154 1812 1203 1856 in
1223 1808 1498 1875 Tragoediis

221 1885 359 1942 Vidi,
384 1886 696 1948 Neptunum,
721 1886 986 1942 Virtutem,
1011 1883 1298 1940 Victoriam,
1326 1880 1330 1885 ’

222 1963 426 2010 Martem
445 1996 459 2018 ,
484 1961 730 2007 Bellonam
745 1996 758 2018 ‚
782 1975 1138 2007 conmemorare
1161 1975 1284 2020 quae
1307 1959 1437 2005 bona

223 2035 375 2080 Vobis
397 2034 646 2081 fecissent?
671 2034 776 2096 quis
795 2032 1050 2080 benefactis
1072 2043 1208 2078 meus
1229 2043 1384 2095 pater,

223 2109 389 2157 Deum
410 2121 654 2174 regnator,
678 2110 958 2155 architectus
981 2108 1219 2154 omnibus.

225 2182 322 2229 Sed
343 2200 446 2228 mos
469 2183 563 2229 illic
587 2199 858 2245 numquam
879 2182 971 2228 fuit
992 2182 1114 2243 patri
1135 2197 1245 2227 meo
1261 2214 1278 2238 ,

225 2255 293 2301 Ut
316 2256 619 2316 exprobraret
642 2256 779 2318 quod
800 2255 937 2302 bonis
960 2254 1130 2300 faceret
1152 2253 1285 2299 boni.

228 2328 432 2375 Gratum
455 2330 704 2377 arbitratur
725 2346 817 2377 esse
839 2330 891 2375 id
914 2346 940 2375 a
961 2318 1095 2375 vobis
1118 2327 1233 2385 sibi,

227 2401 502 2466 Meritoque
523 2405 658 2451 vobis
679 2406 808 2452 bona
829 2421 875 2451 se
898 2404 1044 2450 facere
1068 2419 1191 2463 quae
1213 2400 1353 2447 facit.⁴

230 2476 375 2526 Nunc
398 2494 545 2540 quam
564 2495 664 2523 rem
690 2489 876 2525 oratum
893 2478 988 2524 huc
1009 2476 1142 2532 veni,
1170 2474 1379 2536 primum
1402 2487 1514 2532 pro-

490 2553 660 2613 loquar
679 2572 688 2597 :
