1650 2826
154 211 281 257 v·59
440 191 728 241 ACTUS
781 191 840 239 V.
897 191 1005 239 SC.
1061 193 1144 239 ΙΙ.
1346 211 1431 257 ¹95

522 309 1062 350 A-RTEMONA.

156 384 256 449 Ego
275 383 360 445 pol
378 381 535 446 vivam
552 416 567 439 ,
592 393 639 427 et
664 393 720 428 tu
737 382 909 428 isthaec
926 382 1072 429 hodie
1090 398 1205 429 cum
1223 394 1310 430 tuo
1337 401 1436 429 ma-

377 458 496 520 ‘gno
523 456 652 501 malo

154 537 449 586 Invocavisti.

505 623 534 658 P
569 623 605 658 A
639 626 672 659 R
707 624 741 658 A
777 624 801 658 S
836 625 856 657 1
895 625 927 658 Τ
962 624 999 658 U
1034 623 1072 660 S.

418 698 422 702 ’
444 699 620 760 Ecquis
643 687 787 745 currit
815 700 1153 761 pollinctooem
1182 700 1432 748 arcessere?

461 805 496 838 A
512 806 566 851 Β
601 804 634 838 G
669 805 702 837 Y
739 806 772 838 R
808 805 828 837 1
867 806 895 839 P
930 804 962 839 Ρ
997 806 1033 850 u
1068 806 1107 840 3.

151 876 491 937 Materwsalve

480 962 1059 1000 ARTEMONA

490 1039 813 1088 Satsaluti'st.

506 1139 1075 1174 PAR-ASITUS.

804 1213 1032 1260 Mortuu’
1035 1225 1077 1259 st
1094 1213 1429 1262 Demaenetus

155 1283 371 1346 Tempus
390 1295 457 1329 est
474 1251 736 1331 subducere
755 1286 867 1331 hinc
890 1303 998 1333 me.
1021 1288 1220 1348 pulchxe
1238 1289 1331 1334 hoc
1349 1289 1434 1352 gli-

395 1358 491 1403 scit
515 1359 766 1420 proelium.

162 1438 253 1485 Ibo
285 1437 347 1483 ad
374 1437 665 1496 Diabolum,
685 1438 907 1485 mandata
927 1440 1082 1488 dicam
1110 1440 1254 1498 facta,
1270 1453 1327 1487 ut
1349 1459 1433 1488 vo·-

408 1511 562 1556 luerit.

156 1588 353 1651 Atque
341 1601 518 1635 interea
540 1600 597 1635 ut
614 1589 954 1638 decumbamus
975 1591 1184 1639 suadebo
1197 1627 1212 1650 ‚
1235 1593 1286 1638 hi
1311 1592 1432 1639 dum

409 1662 607 1727 litigant.

156 1742 267 1788 Post
282 1758 396 1788 eum
420 1742 619 1789 demum
647 1744 744 1790 huc
770 1760 863 1791 cras
887 1746 1122 1794 adducam
1152 1746 1213 1794 ad
1241 1747 1427 1804 lenam,

279 1806 290 1817 ⁶
415 1827 470 1862 ut
484 1817 652 1881 viginti
671 1819 819 1865 minas

156 1897 215 1942 Ei
232 1895 341 1953 det,
361 1897 412 1942 in
433 1909 563 1958 parte
581 1899 668 1944 hac
690 1901 867 1946 amanti
888 1912 943 1947 ut
962 1902 1101 1948 liceat
1128 1903 1172 1948 ei
1194 1902 1402 1963 potitier.

155 1969 446 2032 Argyrippus
465 1971 644 2017 exorati
664 1987 798 2032 spero
821 1974 997 2032 poterit
1011 2009 1025 2030 ,
1046 1985 1104 2023 ut
1126 1973 1247 2021 sinat

156 2041 264 2090 Sese
283 2044 477 2091 alternas
496 2059 610 2089 cum
626 2044 709 2092 illo
729 2055 889 2092 noctes
904 2047 992 2093 hac
1012 2046 1120 2093 frui.
1144 2063 1257 2094 nam
1282 2044 1335 2092 ni
1361 2045 1434 2090 in-

407 2128 544 2179 pet10
562 2150 578 2174 ‚

155 2189 336 2254 Regem
376 2190 599 2252 perdidi:
642 2206 703 2239 ex
725 2208 897 2246 amate
930 2203 1121 2280 tautum
1150 2194 1206 2239 'st
1235 2193 1423 2239 homini

406 2262 697 2308 incendium.
732 2298 734 2300 -

539 2366 1079 2401 ARTEMONA.

160 2441 297 2511 Quid
310 2444 400 2493 tibi
415 2445 512 2491 huc
527 2444 736 2505 receptio
757 2444 819 2490 ad
834 2454 884 2490 te
903 2454 974 2490 est
987 2459 1156 2540 meum
1168 2440 1357 2503 virum?

1098 2518 1137 2562 lx
1166 2531 1189 2562 2
