1650 2826
151 212 303 266 '120
569 192 1106 242 ASINARIA.
1356 199 1493 244 v.16

630 312 660 345 L
695 313 715 346 1
751 313 779 345 B
815 312 850 345 A
884 313 917 346 N
955 314 990 346 U
1029 314 1066 347 s.

212 395 344 442 Num
360 409 438 440 me
462 392 576 438 illuc
609 392 766 451 duciS,
793 392 879 439 ubi
905 392 1019 455 lapis
1044 390 1252 453 lapidem
1282 391 1389 459 terit
1406 392 1428 437 ?

512 498 549 530 D
586 499 615 531 Ε
653 499 695 531 Μ
731 499 765 534 Α
800 500 829 534 E
867 501 900 533 N
935 499 964 532 E
1001 498 1032 531 T
1068 497 1103 530 U
1140 497 1178 531 s.

213 579 348 651 Quid
365 580 483 627 istuc
506 580 608 627 est?
637 592 719 627 aut
749 581 835 628 ubi
862 592 928 627 est
960 581 1079 627 istuc
1101 590 1329 626 terrarum
1354 573 1486 624 loci?

624 669 655 720 ι’
692 688 713 720 1
750 688 779 720 B
815 689 850 720 A
884 688 918 721 N
954 687 990 721 u
1027 688 1066 722 s.

213 765 309 813 Ubi
338 766 457 813 flent
485 781 700 826 nequam
727 762 943 829 homines
959 796 973 820 ,
1005 763 1092 824 qui
1118 764 1365 825 polentam
1389 764 1495 826 pin-

466 840 618 885 sitant.

536 940 1192 976 DEMAENETUS.

215 1026 354 1097 Quid
378 1027 496 1073 istuc
521 1026 578 1070 sit
591 1059 604 1081 ‚
628 1036 711 1070 aut
728 1012 948 1070 ubi'istuc
965 1021 1022 1068 sit
1037 1056 1050 1078 ‚
1066 1037 1258 1082 nequeo
1278 1039 1488 1078 noscere,

216 1101 311 1147 Ubi
339 1099 458 1146 flent
487 1115 699 1159 nequam
726 1097 942 1144 homines
961 1129 974 1152 ,
1003 1095 1090 1157 qui
1117 1096 1363 1157 polentam
1388 1097 1489 1157 pin-

467 1179 622 1216 sitant.

634 1279 1069 1313 LIBANUS.

216 1367 364 1429 Apud
386 1367 685 1417 fustitudinas
713 1368 1026 1430 ferricrepinas
1052 1369 1247 1425 insulas,

217 1437 313 1484 Ubi
342 1438 474 1485 vivos
508 1439 725 1485 homines
754 1440 933 1486 mortui
962 1439 1198 1486 incursant
1232 1438 1388 1486 boves.

526 1555 1187 1615 DOEMAENETUS.

216 1632 369 1679 Modo
394 1634 480 1700 pol
510 1634 725 1695 percepi,
757 1633 963 1690 Libane,
994 1633 1116 1694 quid
1140 1633 1259 1680 istuc
1284 1631 1343 1679 sit
1370 1632 1494 1689 loci,

216 1704 313 1751 Ubi
338 1703 392 1750 fit
415 1706 636 1767 polenta,
665 1716 713 1754 te
739 1704 926 1752 fortasse
954 1705 1120 1752 dicere.
1188 1708 1190 1710 ’

634 1816 665 1850 1.
700 1817 722 1849 1
758 1818 787 1850 Β
821 1818 855 1850 A
891 1819 923 1851 N
959 1816 995 1849 U
1031 1815 1069 1848 s.

1170 1873 1277 1921 Ah!

217 1938 390 2001 Neque
418 1942 574 1988 hercle
595 1929 681 2008 ego
705 1945 823 1992 istuc
850 1946 982 2004 dico,
1005 1963 1095 1995 nec
1125 1947 1312 1993 dictum
1337 1946 1463 1992 volo.

219 2011 390 2073 Teque
423 2014 617 2074 obsecro
651 2017 805 2065 hercle
823 2053 837 2077 ,
873 2031 958 2077 ut,
989 2036 1111 2082 quae
1141 2020 1309 2069 locutu
1321 2019 1352 2066 ’s
1370 2051 1384 2075 ,
1417 2015 1496 2063 de-

469 2105 617 2149 spuas.

541 2193 577 2225 D
612 2190 642 2225 E
678 2189 720 2221 Μ
755 2167 789 2221 Α
826 2190 855 2229 E
891 2192 926 2224 Ν
961 2191 990 2226 Ε
1028 2192 1059 2226 Τ
1094 2194 1129 2227 U
1165 2194 1203 2229 s.

218 2268 348 2326 Fiat,
374 2265 567 2334 geratur
590 2266 694 2317 mos
720 2271 820 2337 tibi.

639 2381 671 2413 L
706 2381 727 2413 1
763 2381 799 2429 B,
826 2381 861 2414 A
895 2380 929 2413 N
964 2380 999 2412 U
1036 2381 1079 2429 s.r
1137 2418 1142 2425 ,

875 2453 977 2518 Age
1003 2471 1085 2519 age
1114 2471 1265 2515 usque
1296 2471 1490 2502 exscrea.
