1650 2826
248 226 325 272 74·
555 208 1216 259 AMPHITRUO.
1429 229 1521 261 v.1

486 385 998 444 ACTUS
1096 387 1281 447 ΙΙΙ.

671 532 1103 581 SCENAJ.

599 696 1165 738 JUPPITER.

227 775 408 887 .EGO
424 849 531 882 sum
549 835 629 880 ille
644 833 953 896 Amphitru0‚
975 836 1130 900 quoju
1146 837 1199 882 ’st
1213 853 1366 884 servos
1385 835 1531 895 Sosia,

242 909 383 955 Idem
399 907 659 955 Mercurius
678 907 764 968 qui
783 907 837 952 fit
851 941 863 962 ,
883 907 1080 967 quando
1106 908 1423 955 commodum
1433 910 1511 966 ’st‚

243 981 303 1027 In
328 981 565 1043 superiore
593 980 678 1042 qui
706 978 869 1024 habito
898 980 1187 1036 coenaculo,¹

245 1053 349 1124 Qui
370 1053 613 1099 interdum
637 1051 701 1097 fio
719 1051 941 1112 Juppiter
960 1086 974 1108 ‚
1000 1050 1197 1112 quando
1219 1051 1368 1098 lubet.

244 1126 358 1173 Huc
387 1138 549 1172 autem
569 1141 723 1186 quom
742 1126 986 1187 extemplo
1015 1124 1280 1171 adventum
1301 1137 1502 1189 apporto
1518 1161 1535 1185 ,

498 1202 624 1247 illico

248 1273 541 1336 Amphitruo
569 1275 632 1320 fio
650 1309 663 1331 ‚
682 1285 729 1320 et
748 1274 973 1320 vestitum
990 1274 1182 1320 inm-uto
1213 1289 1394 1320 meum.

247 1346 391 1393 Nunc
410 1347 505 1393 huc
522 1347 715 1392 honoris
734 1349 876 1393 vostri
900 1348 1043 1393 venio
1066 1347 1207 1411 gratia
1220 1381 1234 1403 ‚

248 1423 322 1469 Ne
338 1424 460 1468 hanc
480 1423 751 1469 inchoa-tam
779 1424 1028 1488 transigam
1049 1422 1389 1471 Comoediam;

251 1494 404 1543 Simul
432 1496 747 1554 Alcumenae,
775 1514 923 1559 quam
947 1498 1017 1543 vir
1037 1498 1276 1542 insontem
1299 1493 1463 1556 probri

250 1571 541 1633 Amphitruo
574 1582 755 1618 accusat
771 1607 783 1628 ‚
803 1572 943 1629 veni,
964 1583 1020 1617 ut
1047 1571 1279 1618 aux-ilium
1302 1568 1471 1614 feram:

250 1647 375 1692 Nam
398 1663 506 1692 mea
523 1647 586 1692 sit
612 1649 754 1708 culpa
767 1682 780 1704 ‚
802 1647 941 1707 quod
967 1657 1158 1711 egomet
1179 1643 1493 1692 contraxerim
1506 1676 1522 1699 ‚

253 1718 300 1763 Si
324 1718 375 1762 id
401 1717 691 1764 Alcumenae
717 1721 965 1766 innocenti
993 1729 1195 1781 expetat.

251 1788 395 1834 Nunc
423 1788 832 1850 Amphitruonem
859 1803 1066 1848 memet,
1093 1802 1149 1837 ut
1179 1790 1342 1850 occepi
1370 1788 1539 1845 semel,

253 1860 359 1907 Esse
379 1862 659 1908 assimulabo
674 1898 687 1920 ,
707 1874 853 1924 atque
877 1864 927 1908 in
955 1865 1130 1910 horum
1153 1863 1378 1909 familiam

253 1935 624 1981 Frustrationem
654 1936 799 1982 hodie
826 1937 1032 2001 injiciam
1060 1953 1362 1984 maxumam:

253 2010 366 2056 Post
390 2010 532 2074 igitur
555 2010 755 2057 demum
770 2010 938 2058 faciam
959 2029 1027 2058 res
1049 2013 1128 2059 fiat
1144 2014 1327 2074 palam,

254 2082 419 2143 Atque
445 2081 737 2129 Alcumenae
765 2084 814 2129 in
841 2095 1056 2146 tempore
1087 2086 1319 2133 auxi-lium
1345 2086 1518 2141 feram,

256 2156 558 2216 Faciamque,
573 2167 629 2202 ut
655 2172 752 2206 uno
771 2156 897 2214 fetu,
923 2169 970 2203 et
990 2157 1127 2219 quod
1140 2157 1332 2222 gravida
1345 2159 1398 2203 'st
1413 2156 1543 2213 viro,

256 2228 319 2274 Et
345 2245 424 2274 me
452 2229 590 2288 quod
615 2230 803 2294 gravida
816 2232 894 2287 'st,
922 2233 1069 2292 pariat
1093 2232 1191 2277 sine
1219 2229 1474 2277 doloribus.

257 2301 549 2348 Mercurium
571 2305 685 2367 jussi
715 2322 793 2350 me
824 2305 1056 2350 continuo
1086 2303 1339 2365 consequi,

260 2371 307 2419 Si
334 2374 454 2434 quid
479 2375 653 2422 vellem
674 2377 915 2438 imperare.
946 2393 1078 2423 nunc
1099 2377 1221 2423 hanc
1249 2377 1476 2438 alloquar.
