1650 2826
269 174 358 220 160
620 136 1159 219 ASINARIA.
1450 192 1549 240 v‚4

1345 254 1370 263 a

261 279 504 327 Postulem
528 280 714 341 placere
729 314 744 337 ,
767 290 917 326 mater
935 314 949 337 ,
974 279 1094 325 mihi
1118 295 1219 341 quo
1249 291 1390 343 pacto
1417 299 1548 346 prae-

517 354 664 416 cipis?

620 441 648 474 C
684 440 715 474 L
748 439 780 473 -E
815 439 851 472 A
886 440 916 473 E
954 442 988 474 R
1022 441 1053 473 E
1090 441 1121 475 T
1158 441 1206 475 A.

258 506 336 555 An
356 507 588 556 decorum
606 509 661 554 ’st
683 509 917 556 advorsari
935 510 1050 555 meis
1069 521 1117 556 te
1133 512 1427 575 praeceptis?

618 608 646 641 P
684 608 719 642 H
752 610 773 644 1
810 610 841 643 L
874 610 905 644 E
942 612 973 644 N
1011 612 1031 644 Ι
1068 611 1103 645 U
1141 613 1198 646 M.

1281 666 1419 736 Quid
1446 659 1548 715 est?

615 738 644 771 C
681 736 710 770 L
746 737 777 770 E
812 736 847 770 A
882 738 913 770 E
949 741 982 773 R
1017 740 1047 772 E
1084 740 1116 773 Τ
1151 741 1200 775 A.

255 804 474 852 Hoccine
504 816 571 851 est
603 804 836 877 pietatem·
871 806 1051 864 colere,
1091 808 1249 855 matris
1283 809 1541 875 imperium

512 877 762 923 minuere?

600 968 630 1001 P
665 968 700 1001 Η
736 968 757 1000 1
793 968 823 1001 Ι,
859 969 889 1001 Ε
925 970 959 1003 Ν
996 970 1018 1003 Ι
1057 971 1093 1003 U
1132 973 1190 1006 M.

253 1040 429 1101 Neque
463 1053 589 1099 quae
631 1046 757 1081 recte
797 1035 978 1083 faciunt
1016 1040 1182 1102 culpo‚·
1220 1056 1382 1104 neque
1416 1057 1539 1106 quae

511 1110 804 1171 delinquont
833 1122 957 1157 amo.

605 1204 631 1235 c
668 1203 698 1235 L
735 1203 765 1235 E
802 1203 836 1236 A
871 1204 901 1235 E
937 1204 971 1237 R
1004 1203 1035 1237 Ε
1072 1204 1104 1237 Τ
1139 1205 1188 1239 A.

251 1263 368 1313 Satis
393 1263 604 1310 dicacula
627 1279 674 1308 es
698 1263 910 1309 amatrix.

607 1355 636 1389 P
674 1356 708 1389 Η
746 1356 767 1388 1
801 1354 834 1389 L
871 1356 901 1388 E
938 1355 971 1389 N
1006 1357 1028 1390 1
1065 1356 1101 1391 U
1136 1358 1193 1393 M.

839 1423 990 1469 Mater
1007 1459 1020 1481 ‚
1044 1425 1079 1470 is
1104 1437 1303 1487 quaestu
1319 1428 1374 1473 'st
1394 1428 1537 1478 mihi:
1589 1474 1595 1481 ,

252 1497 438 1563 Lingua
459 1494 614 1559 poscit
631 1528 645 1551 ,
671 1510 841 1557 corpus
866 1497 1049 1557 quaerit
1064 1533 1078 1557 ‚
1101 1499 1286 1547 animus
1310 1511 1433 1560 orat,
1464 1518 1535 1549 res

506 1578 688 1614 monet.

597 1643 1186 1695 CLEAEVRE'TA.

249 1731 351 1795 Ego
387 1742 435 1776 te
456 1731 596 1777 volui
620 1730 836 1793 castigare
854 1764 868 1786 ,
893 1740 947 1774 tu
970 1729 1038 1774 mi
1061 1730 1316 1776 accusatrix
1336 1730 1457 1777 ades.

596 1830 624 1861 P
662 1829 697 1862 H
735 1829 755 1861 I
792 1829 822 1862 L
858 1828 887 1860 E
926 1829 978 1863 NV
998 1828 1019 1860 I
1056 1828 1091 1860 U
1128 1828 1183 1861 M.

251 1899 425 1960 Neque
450 1899 623 1960 edepol
650 1909 699 1943 te
722 1914 915 1956 accuso,
939 1914 1099 1959 neque
1122 1897 1174 1944 id
1193 1916 1272 1946 me
1295 1899 1445 1947 facere
1466 1901 1533 1948 fas

504 1974 754 2030 existumo.
1498 2015 1503 2021 t

245 2047 429 2096 Verum
462 2065 550 2114 ego
588 2065 713 2093 meas
763 2063 938 2108 queror
979 2045 1218 2106 fortunas,
1261 2064 1413 2110 quom
1448 2050 1532 2096 illo

502 2137 650 2182 quem
681 2137 789 2166 amo
820 2119 1091 2182 prohibeor.

601 2215 628 2247 c
666 2214 695 2246 L
732 2213 761 2246 Ε
798 2214 832 2246 A
868 2214 897 2246 Ε
936 2215 968 2246 R
1006 2215 1034 2246 E
1074 2214 1104 2246 Τ
1141 2213 1190 2247 Α.
1263 2226 1267 2229 ·

246 2279 370 2343 Ergo
393 2295 488 2325 una
510 2298 613 2342 pars
637 2282 858 2328 orationis
882 2282 942 2327 de
968 2282 1045 2328 die
1070 2283 1258 2328 dabitur
1279 2281 1410 2328 mihi.

592 2376 619 2407 P
658 2377 691 2408 H
727 2378 746 2409 1
785 2377 814 2410 1.
850 2377 879 2409 E
916 2379 948 2410 N
987 2377 1006 2409 1
1044 2376 1078 2408 U
1115 2375 1170 2407 M.

247 2441 310 2490 Et
330 2457 487 2489 meam
505 2454 689 2504 partem
710 2443 946 2505 loquendi
959 2476 972 2500 ,
992 2454 1039 2488 et
1061 2453 1194 2490 tuam
1215 2442 1350 2491 trado
1373 2442 1472 2490 tibi.
