1650 2826
265 236 352 281 532
677 216 1078 264 CASINA.
1409 235 1540 267 ν.αο

263 327 392 373 Novi
428 342 515 390 ego
545 325 642 371 illas
672 327 829 372 ambas
858 325 1068 371 estrices:
1101 323 1332 371 corbitam
1360 326 1454 372 cibi

262 400 482 460 Comesse
509 410 720 461 possunt.
753 398 836 445 sed
857 398 1062 460 aperitur
1092 398 1280 444 ostium.

653 525 982 574 SCENA
1061 528 1162 572 ΙΙ.

301 666 1509 706 STALINO.PARDALISCA.

688 784 1128 818 STALINO.

270 839 372 951 SI
401 903 553 965 sapitis
570 938 584 961 ‚
611 919 764 960 uxor,
794 919 878 949 vos
908 913 1068 949 tamen
1096 903 1351 949 coenabitis
1367 937 1383 962 ‚

272 978 433 1023 Coena
467 977 553 1022 ubi
583 977 670 1025 erit
705 986 849 1022 cocta.
883 992 970 1040 ego
998 976 1093 1021 ruri
1120 993 1392 1024 coenavero.

270 1050 396 1095 Nam
431 1066 611 1096 novom
641 1049 864 1094 maritum
895 1059 943 1093 et
966 1065 1143 1094 novam
1170 1061 1373 1111 nuptam
1400 1052 1513 1098 volo

271 1121 369 1169 Rus
395 1123 631 1184 prosequi.
659 1123 775 1168 novi
798 1122 1054 1168 hominurn
1079 1140 1231 1170 mores
1259 1125 1520 1182 maleficos,

271 1194 346 1240 Ne
370 1195 473 1256 quis
492 1212 595 1240 eam
614 1194 825 1256 abripiat.
852 1194 988 1241 facite
1009 1206 1166 1241 vostro
1196 1197 1356 1242 animo
1378 1199 1542 1260 volup.

273 1267 367 1314 Sed
390 1278 638 1329 properate
663 1268 808 1312 istum
834 1278 980 1328 atque
1007 1267 1143 1313 istam
1162 1279 1382 1316 actutum
1411 1270 1549 1316 emit-

529 1351 653 1396 tere,

267 1413 488 1460 Tandem
517 1423 573 1458 ut
599 1413 842 1459 veniamus
871 1411 1001 1460 luci:
1032 1429 1119 1477 ego
1155 1429 1248 1459 cras
1279 1413 1356 1458 hic
1383 1429 1478 1461 eto,

267 1489 375 1535 Cras
395 1487 606 1532 habuero
619 1521 632 1544 ‚
658 1502 779 1532 uxor
794 1521 807 1543 ,
832 1502 919 1550 ego
939 1496 1100 1531 tamen
1118 1486 1412 1533 convivium.

592 1579 1239 1614 PARDALISCA.·

273 1651 374 1707 Fit,
397 1649 533 1711 quod
551 1648 770 1694 futurum
798 1647 896 1693 dixi
917 1667 926 1692 :
954 1648 1262 1694 incoenatum
1283 1664 1445 1694 senem

273 1726 411 1771 Foras
436 1722 699 1769 extrudunt
724 1723 956 1768 mulieres.

693 1809 715 1843 s
754 1809 785 1842 T
819 1810 855 1842 A
891 1811 920 1842 L
956 1811 978 1843 1
1014 1813 1048 1845 N
1089 1803 1156 1845 0.·
1411 1852 1415 1858 ,

1003 1872 1142 1942 Quid
1157 1882 1212 1919 tu
1231 1873 1309 1920 hic
1331 1874 1422 1938 agis
1435 1873 1458 1919 Ξ)

583 1964 1226 1998 ΡΑΈΒΑΈΙΕΟΑ.

274 2025 375 2090 Ego
403 2042 461 2072 eo
488 2042 587 2088 quo
608 2043 687 2072 me
713 2026 810 2087 ipsa
830 2025 968 2071 misit.

466 2116 468 2118 ·
694 2111 717 2144 s
753 2111 783 2143 Τ
820 2111 855 2144 A
890 2112 920 2144 L
955 2111 977 2144 1
1014 2113 1049 2146 N
1087 2113 1134 2146 ο.

984 2171 1195 2219 Veron’?

591 2253 621 2287 1³
659 2254 695 2286 A
729 2255 762 2289 R
796 2257 831 2289 D
867 2256 902 2289 A
939 2256 968 2289 L
1003 2258 1025 2290 1
1062 2257 1085 2290 s
1121 2258 1147 2290 c
1181 2257 1232 2291 A.

1188 2317 1330 2366 Serio.

700 2392 722 2425 s
759 2394 791 2426 T
827 2394 862 2428 A
896 2396 927 2430 1.
963 2396 985 2430 1
1018 2396 1054 2430 N
1090 2395 1138 2430 o.

279 2454 415 2522 Quid
440 2455 516 2502 hic
546 2459 818 2517 speculare?
