1650 2826
64 200 78 221 s
156 178 283 229 mes
411 172 695 227 Aci-us
740 173 823 219 11.
874 170 979 221 sc.
1030 173 1069 220 1.
1330 191 1388 235 45

611 296 635 330 S
670 295 703 330 0
740 294 763 329 8
797 294 818 327 1
854 295 902 328 A.

122 377 368 438 Nusquam
385 373 611 436 equidem
628 370 742 417 bibi.

460 478 496 512 A
531 477 573 510 M
611 462 651 508 P'
674 473 709 507 Η
744 472 764 505 1
801 472 831 504 T
867 473 899 505 R
936 470 972 504 u
1006 470 1054 504 ο.

775 545 913 615 Quid
933 545 1026 590 hoc
1046 543 1105 591 sit
1125 543 1357 592 hominis!

613 658 636 692 s
673 658 706 691 o
742 657 765 691 s
800 657 822 690 1
857 656 905 689 A.

77 751 82 754 ’
122 741 361 803 Equidem
390 738 541 785 decies
564 738 691 783 dixi:

120 812 271 860 Domi
297 827 385 876 ego
407 827 512 856 sum
527 843 541 866 ‚
572 810 794 869 inquam;

123 882 311 944 Ecquid
340 880 471 927 audis
489 881 511 926 ?
546 892 593 926 et
614 879 743 941 apud
764 890 812 924 te
834 895 985 925 assum
1004 878 1131 926 Sosia
1156 878 1297 926 idem.

123 955 267 1002 Satin’
299 955 392 1001 hoc
414 953 585 1014 plane,

123 1027 264 1074 Satin'
294 1024 486 1083 diserte,
514 1026 626 1071 here
640 1059 654 1082 ,
677 1040 808 1071 nunc
834 1025 1000 1072 videor
1027 1025 1116 1072 tibi
1135 1027 1323 1074 locutus

126 1098 230 1144 Esse
247 1099 269 1144 Ξ)

466 1181 501 1214 A
535 1182 579 1214 M
615 1181 643 1213 Ρ
678 1181 712 1213 Η
747 1181 768 1213 1
805 1182 836 1214 T
871 1183 904 1216 R
940 1181 976 1214 U
1012 1181 1061 1215 ο.

307 1261 439 1309 Vah!
465 1277 608 1325 apage
632 1272 680 1306 te
708 1278 734 1306 a
758 1278 849 1307 me.

618 1358 642 1391 s
679 1360 710 1392 o
748 1359 770 1392 s
804 1360 824 1391 1
860 1360 909 1392 A.

892 1435 1028 1504 Quid
1052 1447 1119 1482 est
1139 1438 1336 1500 negoti?

465 1540 500 1573 A
533 1542 576 1574 M
613 1543 641 1574 P
677 1542 711 1574 Η
745 1542 767 1573 1
802 1542 833 1573 'r
868 1543 902 1574 R
937 1541 971 1573 U
1008 1541 1055 1573 o.

136 1619 276 1665 Pestis
301 1628 348 1663 te
366 1628 508 1663 tenet.

623 1701 646 1734 s
683 1701 715 1734 o
751 1702 774 1735 s
810 1702 830 1734 1
866 1701 913 1734 A.

546 1778 670 1824 Nam
692 1795 775 1824 cur
795 1779 912 1824 istuc
940 1777 1084 1822 dicis?

136 1851 374 1912 Equidem
395 1853 528 1898 valeo
543 1886 558 1909 ,
579 1863 627 1898 et
645 1853 791 1899 salvos
810 1869 915 1898 sum
929 1862 1056 1897 recte
1072 1885 1085 1907 ,
1102 1849 1402 1911 Amphitruo.

470 1942 1062 1987 AMP'HITRUO.

142 2025 208 2071 At
223 2036 271 2070 te
294 2043 382 2090 ego
404 2026 567 2073 faciam
586 2029 730 2075 hodie
743 2063 757 2087 ‚
775 2032 975 2091 proinde
998 2048 1050 2078 ac
1070 2033 1262 2077 meritus
1285 2047 1355 2088 es,

138 2096 204 2142 Ut
228 2098 383 2143 minus
413 2101 587 2157 valeas,
614 2112 661 2146 et
687 2102 824 2147 miser
856 2103 941 2160 sis,

137 2167 297 2215 Salvos
328 2169 530 2215 domum
560 2171 595 2215 si
620 2171 811 2217 rediero.
842 2174 943 2236 jam

138 2237 346 2299 Sequere
371 2240 426 2285 sis
441 2275 455 2297 ‚
488 2241 657 2286 herum
687 2241 775 2302 qui
804 2243 1012 2290 ludificas
1043 2243 1174 2290 dictis
1206 2244 1405 2290 deliran-

388 2313 536 2359 tibus:

143 2383 271 2453 Qui,
305 2386 533 2447 quoniam
564 2388 701 2437 herus
731 2388 867 2451 quod
893 2389 1136 2452 imperavit
1161 2392 1404 2456 neglexisti

390 2476 605 2522 persequl
621 2495 638 2520 ,
