1650 2826
229 218 325 262 314
455 190 1188 249 JBACCHIDES.
1409 221 1502 265 v.3

226 310 326 376 Nisi
356 295 508 390 quem
540 326 642 372 spes
678 288 909 371 reliquere
945 326 1141 367 omneS,
1172 326 1264 356 esse
1298 321 1355 357 ut
1384 310 1508 377 frugi

478 385 664 446 possiet.

226 457 500 505 Bacchides!
519 475 621 504 non
642 458 917 516 Bacchides,
933 458 1014 504 sed
1030 457 1235 504 Bacchae
1254 469 1366 504 sunt
1382 474 1508 505 acer-

478 550 654 580 sumile.

223 603 416 670 '‘Apage
404 618 507 652 istas
524 625 550 652 a
568 624 645 652 me
667 623 844 653 sorores
859 641 872 665 ‚
894 622 1015 668 quae
1035 606 1292 678 hominum
1315 575 1509 651 sorbent

479 679 769 759 sanguinem.
804 702 809 707 ·
1121 690 1128 696 ·

229 750 401 796 Omnis
427 751 487 796 ad
514 751 772 818 perniciem
803 751 1027 799 instructa
1055 751 1228 827 domus
1254 753 1417 815 opime
1437 762 1506 798 at-
1569 785 1574 787 <

481 839 577 885 que
610 824 815 884 opipare.

227 897 366 966 Quae
385 907 454 954 ⁵ut
482 898 663 958 aspexi,
695 913 774 942 me
802 898 1034 944 continuo
1060 898 1243 944 contuli
1266 897 1506 959 protinam
1557 918 1564 921 ⁴

477 971 527 1016 in
562 971 718 1031 pedes.

226 1043 392 1106 Egone
418 1054 473 1088 ut
502 1044 616 1089 haec
644 1046 863 1090 conclusa
896 1053 1074 1108 gestem
1100 1044 1408 1089 clanculum?
1450 1052 1507 1088 ut

479 1116 629 1161 celem
657 1129 842 1178 patrem
857 1151 870 1173 ,

224 1187 474 1234 Pistoclere
492 1223 504 1244 ‚
541 1201 621 1235 tua
665 1189 836 1254 flagitia
853 1223 867 1247 ,
907 1199 991 1235 aut
1031 1188 1235 1245 damna,
1269 1198 1353 1234 aut
1384 1186 1506 1234 desi-

353 1260 356 1263 *
480 1261 704 1307 diabula?

230 1335 426 1404 Quibus
449 1347 631 1397 patrem
648 1370 660 1392 ‚
681 1346 729 1381 et
745 1351 848 1392 me,
866 1344 1039 1396 teque,
1060 1333 1331 1395 amicosque
1354 1332 1508 1379 omnis

479 1407 660 1453 affectas
688 1419 795 1454 tuos

227 1478 308 1525 Ad
337 1480 568 1541 probrum
582 1516 595 1538 ,
616 1481 871 1538 damnum,
906 1480 1138 1545 flagitium
1160 1479 1395 1542 appellere
1411 1493 1506 1523 una

482 1566 529 1600 et
564 1556 773 1616 perdere.

231 1624 405 1688 Neque
433 1627 530 1672 mei
547 1663 561 1685 ‚
588 1645 749 1689 neque
779 1629 851 1675 tui
874 1630 1000 1675 intus
1026 1627 1255 1690 puditum
1271 1627 1326 1672 ’st
1345 1625 1473 1672 factis
1489 1658 1504 1682 ‚

482 1717 603 1760 quae
636 1701 772 1746 facis:
1442 1715 1444 1718 ·

229 1769 419 1838 Quibus
446 1783 588 1818 tuum
615 1784 798 1835 patrem
804 1808 830 1832 ,⁷
843 1783 1026 1834 <meque
1044 1785 1162 1828 una,
1185 1770 1383 1828 saniem,
1410 1769 1507 1816 affi-

478 1847 548 1892 nis
581 1859 688 1893 tuos
703 1882 717 1905 ,
1042 1843 1043 1846 ¹
1335 1856 1339 1859 '

231 1919 340 1964 Tua
359 1918 548 1965 infamia
575 1920 721 1967 fecisti
753 1919 1069 1984 gerulifigulos
1095 1916 1253 1981 flagiti.

229 1992 373 2039 Nunc
400 1994 678 2055 priusquam
708 1995 891 2040 malum
919 1994 1035 2040 istoc
1067 1992 1196 2039 addis
1211 2026 1225 2048 ,
1248 2001 1429 2037 certum
1451 1991 1505 2036 ’st

475 2068 576 2130 jam
606 2068 758 2114 dicam
782 2068 915 2130 patri.

229 2143 305 2189 De
330 2161 408 2189 me
434 2146 555 2190 hanc
583 2145 775 2206 culpam
805 2144 1072 2190 demolibor
1087 2144 1212 2207 jam,
1235 2153 1282 2187 et
1309 2139 1406 2186 seni
1431 2137 1499 2184 fa-

483 2216 602 2262 ciam
628 2218 783 2278 palam
804 2252 817 2274 ‚

232 2287 298 2336 Ut
323 2305 435 2336 eum
464 2306 524 2335 ex
548 2292 790 2338 lutulento
817 2306 970 2338 coeno
990 2305 1191 2353 propere
1216 2288 1327 2334 hinc
1354 2285 1504 2331 eliciat

488 2362 619 2409 foras.
