1650 2826
221 175 306 209 κερ
589 155 1122 204 ASINARIA'.
1357 117 1516 223 “f-⁵37.

638 274 1105 311 LIBANUS.‘

874 349 1011 419 Quid
1037 350 1154 396 istuc
1178 351 1293 397 novi
1311 352 1365 397 ‘st
1381 351 1404 396 Ρ

218 426 440 474 Demiror
464 422 585 484 quid
613 423 670 468 sit
685 456 698 479 ‚
723 433 771 468 et
798 438 898 483 quo
929 422 1121 479 evadat,
1148 439 1254 470 sum
1276 423 1326 470 in
1351 434 1498 470 metu.

524 508 1193 557 *DEMAENETUffi

217 599 465 662 Equidem
494 597 587 642 scio
606 596 707 659 jam
725 629 738 651 ‚
758 595 880 640 filius
907 610 1054 654 quam
1082 606 1209 641 amet
1233 612 1366 642 meus
1382 630 1398 654 ,

219 677 371 722 Istanc
401 670 698 717 meretricem
730 685 756 713 e
781 684 1023 728 proxumo
1049 667 1335 714 Philonium.

220 752 363 798 Estne
393 749 514 802 hoc,
542 755 598 790 ut
614 743 729 805 ,dico
746 776 759 799 ,
791 741 1006 788 Libane?

645 838 1083 874 LIBANUS.

974 907 1169 952 Rectam
1199 907 1334 953 instas
1363 909 1507 955 viam..

222 991 290 1037 Ea
318 1003 387 1033 res
416 995 494 1030 est.
530 981 613 1027 sed
640 997 752 1026 eum
774 979 969 1025 morbus
991 979 1157 1026 invasit
1183 980 1340 1043 gravis.

548 1081 1213 1125 DEMxAENETUS.

223 1164 359 1239 Quid
388 1160 546 1209 morbi
573 1158 663 1204 ’sti'

642 1255 674 1287 L
712 1254 732 1285 1
769 1253 796 1285 B
835 1252 869 1284 A
903 1251 937 1283 N
973 1251 1009 1283 U
1046 1250 1082 1283 s.

644 1328 773 1399 Quia
800 1319 902 1373 non
931 1337 1194 1387 suppetunt
1225 1326 1357 1374 dictis
1385 1326 1507 1375 data.

538 1430 574 1462 D
611 1428 641 1460 E
679 1425 720 1457 Μ
756 1423 790 1455 A
826 1423 856 1465 Ε
892 1423 925 1454 Ν
961 1423 990 1455 Ε
1029 1423 1061 1454 Τ
1096 1423 1131 1456 U
1168 1424 1205 1456 s.

224 1509 369 1554 Tune
395 1522 439 1551 es
469 1505 657 1570 adjutor
676 1488 819 1551 ⁸nunc
850 1503 1027 1550 amanti
1057 1502 1191 1547 filio?

648 1607 678 1639 L
717 1608 737 1640 1
774 1608 801 1640 Β
840 1607 874 1640 Α
910 1608 943 1640 N
979 1606 1012 1638 U
1052 1603 1088 1636 s.

227 1677 346 1723 Sum
380 1693 523 1733 vero,
553 1688 600 1722 et
630 1679 743 1724 alter
767 1691 924 1725 noster
955 1687 1022 1724 est
1046 1671 1271 1720 Leonida.

536 1764 1232 1817 DE,MAENETUS.'

224 1839 354 1891 Bene
385 1846 539 1891 hercle
570 1845 713 1891 facitis
734 1881 747 1902 ‚
781 1858 828 1892 et
865 1864 891 1892 a
922 1863 1000 1892 me
1031 1844 1155 1891 initis
1187 1841 1391 1906 gratiam.

226 1918 409 1964 Verum
425 1935 583 1964 meam
598 1934 797 1965 uxorem
812 1953 824 1976 ‚
845 1919 1026 1965 Libane
1039 1952 1052 1974 ,
1067 1915 1212 1963 nescis
1229 1913 1376 1975 qualis
1392 1913 1474 1959 siet
1483 1911 1510 1958 ἓ

651 2020 680 2052 1.
719 2021 740 2053 1
775 2022 804 2053 Β
839 2022 873 2054 Α
908 2023 943 2055 N
979 2021 1014 2054 U
1051 2020 1102 2054 s.-

228 2095 308 2140 Tu
336 2093 516 2155 primus
542 2093 680 2139 sentis
697 2129 710 2151 ‚
744 2111 830 2140 nos
862 2107 1023 2142 tamen
1054 2093 1411 2157 praenoscimus

545 2196 579 2227 D
617 2195 647 2227 E
684 2195 726 2226 M
763 2195 796 2227 A
831 2195 860 2228 Ε
897 2196 930 2228 N
965 2196 994 2228 Ε
1032 2194 1063 2227 Τ
1099 2194 1134 2227 U
1170 2193 1208 2226 s.

231 2261 397 2306 Fateor
415 2276 517 2306 eam
540 2278 630 2306 esse
650 2261 959 2323 inportunam
977 2272 1121 2321 atque
1138 2256 1510 2306 incommodam.

655 2365 685 2398 L
721 2366 740 2398 I
777 2365 806 2397 Β
840 2366 874 2398 A
909 2366 942 2397 N
978 2364 1012 2397 U
1050 2364 1086 2397 S·

234 2429 463 2477 Posterius
489 2429 606 2475 istuc
627 2424 749 2496 ¹dicis
766 2465 779 2488 ‚
807 2445 954 2491 quam
977 2429 1117 2476 credo
1137 2428 1239 2474 tibi.
1313 2433 1315 2435 ’
