1650 2826
255 180 322 242 36
546 173 1203 244 AMPfliTRUo.
1339 192 1499 241 v.3o4

258 287 350 335 Ibo
373 285 434 332 ad
455 294 676 348 portum,
700 294 845 345 atque
877 283 991 330 haec
1019 284 1092 330 uti
1113 293 1223 330 sunt
1243 282 1363 331 facta
1381 318 1396 343 ‚
1419 287 1534 331 hero

511 357 664 403 dicam
693 371 820 402 meo.

260 430 360 476 Nisi
389 429 530 474 etiam
552 428 587 472 is
611 444 811 489 quoque
834 443 914 472 me
936 426 1169 490 ignorabit
1180 445 1192 478 3
1216 427 1354 487 quod
1375 427 1453 472 ille
1473 426 1536 472 fa-

510 502 599 548 ciat
622 501 870 563 Juppiter!

257 576 322 626 Ut
343 592 430 640 ego
451 574 596 621 hodie
614 590 711 620 raso
735 574 886 635 capite
910 574 1066 620 calvus
1094 572 1274 634 capiam
1296 572 1493 634 pileum.

601 717 1191 767 SCENAII.

661 868 1158 904 MERCURIUS-

260 941 387 1053 BE
403 1016 437 1049 N
453 1013 482 1047 Ε
509 1016 829 1063 prospereque
859 1001 953 1047 hoc
976 998 1121 1048 hodie
1145 1002 1296 1064 operis
1317 1005 1537 1066 processit

516 1074 647 1120 mihi.

261 1145 438 1194 Am0vi
465 1163 491 1190 a
519 1143 698 1190 foribus
719 1162 994 1191 maxumam
1020 1149 1317 1207 molestiam,

260 1223 387 1269 Patri
409 1232 464 1268 ut
485 1221 645 1267 liceret
666 1232 776 1268 tuto
797 1223 927 1268 illam
950 1225 1267 1283 amplexarier.

256 1296 368 1354 Jam
403 1295 482 1339 ille
512 1294 626 1339 illuc
653 1294 714 1339 ad
746 1295 916 1340 herum
953 1311 1107 1355 quom
1139 1295 1542 1360 Amphitruonem

517 1365 759 1412 advenerit
775 1401 790 1423 ,

265 1439 482 1487 Narrabit
502 1454 686 1484 servom
708 1439 818 1486 hinc
840 1457 934 1488 sese
957 1459 984 1487 a
1004 1441 1184 1489 foribus
1210 1441 1389 1489 Sosiam

265 1512 523 1560 Amovisse.
545 1511 623 1556 ille
646 1509 764 1558 adeo
787 1512 925 1559 illum
946 1514 1138 1559 mentiri
1159 1513 1246 1559 sibi

268 1586 443 1634 Credet
462 1605 471 1630 :
491 1601 652 1645 neque
671 1584 829 1630 credet
846 1586 941 1633 huc
955 1585 1250 1647 profectum,
1269 1597 1326 1633 ut
1335 1588 1543 1652 jusserat.

264 1660 442 1708 Erroris
473 1658 616 1705 ambo
648 1675 734 1723 ego
770 1660 872 1705 illos
896 1671 944 1705 et
976 1659 1242 1706 dementiae

271 1731 524 1791 Conplebo
540 1765 554 1787 ,
600 1743 745 1790 atque
782 1748 979 1777 omnem
1018 1732 1377 1793 Amphitruonis
1410 1733 1563 1779 fami--

522 1804 634 1848 liam
658 1822 667 1847 t

270 1876 409 1927 Adeo
431 1892 583 1938 usque
605 1875 863 1922 satietatem
885 1875 1004 1922 dum
1026 1877 1177 1938 capiet
1197 1888 1330 1939 pater

269 1955 402 2001 Illius
425 1967 572 2013 quam
593 1961 730 1996 amat.
766 1949 907 2014 igitur
930 1950 1128 1996 demum
1151 1939 1315 1997 omnes
1333 1951 1477 1998 scient
1496 1985 1510 2010 ,

271 2027 414 2097 Quae
442 2024 573 2071 facta.
610 2023 821 2083 denique
851 2022 1164 2070 Alcumenam
1187 2023 1411 2086 Juppiter

270 2097 473 2161 Rediget
490 2096 737 2156 antiquam
754 2095 804 2140 in
823 2095 1125 2143 concordiam
1147 2097 1370 2161 conjugis·

271 2167 396 2213 Nam
417 2166 705 2227 Amphitruo
727 2178 942 2213 actutum
963 2169 1280 2215 uxori-turbas
1301 2169 1508 2226 conciet,

273 2239 439 2300 Atque
471 2240 760 2287 insimulabit
791 2258 893 2288 eam
916 2242 1090 2304 probri.
1125 2253 1232 2289 tum
1259 2260 1391 2290 meus
1413 2255 1544 2304 pater

273 2311 393 2358 Eam
418 2311 698 2357 seditionem
720 2313 770 2358 in
793 2315 1103 2374 tranquillum
1128 2313 1348 2360 conferet.

276 2382 421 2431 Nunc
448 2383 508 2428 de
526 2382 814 2443 Alcumena,
843 2385 1032 2432 dudum
1055 2386 1192 2447 quod
1217 2386 1315 2433 dixi
1343 2387 1522 2444 minus,

279 2457 438 2503 Hodie
460 2458 538 2504 illa
564 2460 711 2520 pariet
736 2459 854 2508 filios
881 2459 1091 2525 geminos
1118 2459 1267 2509 duos:
