1650 2826
112 205 231 253 v.37
364 179 657 234 ACTUS
709 181 837 227 111.
893 178 999 226 SC.
1056 181 1136 228 11.
1232 219 1238 226 .
1330 196 1384 238 77

479 299 1014 336 ALCUMENA.

87 380 253 450 fouin
268 379 364 424 huc
380 374 571 422 adducis
587 389 754 420 meum
773 383 1032 437 cognatum
1048 371 1328 420 Naucratem
1340 409 1357 432 ,

112 453 306 518 Testem
329 465 477 511 quem
503 446 694 513 dudum
718 458 767 493 te
787 445 1118 500 ,adducturum
1146 445 1322 493 dixeras
1336 483 1350 505 ‚

114 524 188 570 Te
211 524 310 571 huc·
331 537 433 568 non
456 520 633 567 venisse
650 518 673 564 ?
820 567 829 575 ³

188 599 190 602 ’
497 620 521 662 J
558 619 593 652 u
630 619 659 652 P
695 619 724 652 P
758 619 779 650 1
816 619 847 651 T
882 617 911 650 E
947 619 995 652 R.

599 691 649 738 Si
672 691 794 752 quid
816 691 1069 737 dictum’st
1089 707 1174 753 per
1191 692 1387 756 jocum,

113 777 223 825 Non
249 793 457 840 aequom
469 777 526 822 v’st
540 810 553 832 ‚
584 774 636 820 id
658 785 707 820 te
735 774 852 819 serlo
879 774 1175 834 praevortier.

16 918 30 933 L
484 877 519 910 A
555 877 585 910 1,
620 877 647 908 c
684 876 720 908 U
755 876 798 908 M
831 877 862 908 E
898 876 931 908 N
968 875 1018 907 A.

112 950 214 1015 Ego
237 949 359 997 mud
381 949 475 996 scio
499 965 647 1010 quam
669 946 876 993 doluerit
904 945 1036 992 cordi
1061 962 1186 994 meo.

502 1044 526 1085 J
563 1044 598 1076 U
636 1044 663 1076 P
701 1044 728 1075 P
766 1042 786 1074 1
823 1042 854 1074 T
890 1041 919 1073 E
956 1042 1003 1074 R.

113 1112 200 1158 Per
216 1112 456 1158 dexteram
474 1123 607 1157 tuam
634 1123 681 1157 te
695 1146 708 1168 ,
728 1111 1018 1167 Alcumena,
1036 1127 1120 1156 oro
1132 1145 1145 1168 ‚
1166 1111 1357 1159 obsecro
1371 1148 1386 1171 ‚

113 1183 190 1231 Da
215 1184 335 1230 mihi
355 1184 476 1230 hanc
504 1183 716 1230 veniam:
746 1184 957 1247 ignosce3
988 1181 1101 1227 irata
1129 1198 1191 1227 ne
1213 1183 1307 1228 sies.

481 1281 517 1314 A
551 1282 581 1314 1.
616 1282 643 1313 c
680 1281 714 1313 U
750 1282 791 1314 M
828 1282 857 1314 E
895 1282 928 1314 N
966 1280 1014 1312 A.

116 1352 219 1415 Ego
242 1353 377 1398 istaec
405 1352 495 1398 feci
518 1354 660 1399 verba
686 1354 861 1398 vittute
889 1351 1053 1396 inrita:

115 1424 479 1485 Nunc'quando
507 1425 634 1471 factis
666 1442 744 1470 me
776 1423 1012 1484 inpudicis
1037 1423 1235 1469 abstines
1254 1458 1269 1480 ,

118 1494 196 1540 Ab
224 1496 456 1556 inpudicis
482 1496 614 1541 dictis
645 1497 794 1542 avorti
818 1497 946 1541 volo.

119 1566 306 1623 Valeas,
331 1567 420 1612 tibi
452 1568 618 1613 habeas
644 1584 713 1612 res
742 1579 843 1612 tuas
858 1601 873 1623 ‚
902 1565 1065 1611 teddas
1091 1583 1227 1612 meas.

113 1638 287 1698 Juben’
304 1639 372 1686 mi
388 1640 453 1686 ire
471 1640 666 1685 comites
678 1640 700 1684 ?

511 1738 536 1779 J
572 1738 606 1770 u
641 1738 670 1770 P
701 1737 732 1771 Ρ
766 1737 788 1769 1
822 1737 854 1769 T
889 1738 921 1770 E
954 1738 1002 1770 R.

715 1809 880 1857 Sanan'
904 1811 987 1856 es?

483 1912 519 1945 A
552 1913 583 1947 L
616 1914 643 1945 C
678 1913 714 1946 U
750 1915 792 1947 M
826 1914 857 1946 E
895 1916 928 1948 N
966 1914 1014 1946 A.

704 1966 710 1973 ¹
1025 1979 1074 2026 Si
1103 1998 1201 2026 non
1220 1981 1357 2044 jubes
1374 2017 1390 2041 ,

123 2047 212 2098 Ibo
239 2061 456 2114 egomet,
479 2053 707 2107 comitem
740 2052 1022 2098 Pudicitiam
1048 2054 1243 2100 duxero.

429 2117 438 2126 .
509 2151 532 2191 J
568 2151 603 2184 U
638 2152 666 2184 P
702 2153 729 2184 P
766 2153 786 2184 1
823 2153 854 2184 T
889 2153 919 2184 E
958 2154 1003 2186 R.

122 2226 264 2274 Mane
280 2262 295 2285 ‚
322 2230 544 2276 arbitratu
572 2242 659 2277 tuo
690 2226 1023 2295 jusjurandum
1051 2231 1175 2279 dabo
1194 2269 1208 2289 ‚

123 2299 205 2346 Me
226 2318 383 2348 meam
408 2304 632 2364 pudicam
665 2321 756 2350 esse
783 2321 983 2350 uxorem
1007 2305 1274 2351 arbitmrier.

123 2372 186 2418 Id
211 2390 296 2438 ego
326 2376 363 2420 si
394 2375 503 2423 fallo
522 2412 537 2434 ‚
566 2388 675 2423 tum
701 2389 749 2423 te
764 2412 778 2434 .,
807 2394 991 2423 summe
1010 2378 1231 2440 Juppiter
1246 2415 1260 2436 ⁷

66 2463 73 2468 “
128 2445 314 2513 Quaeso
334 2483 348 2506 ‚
373 2447 710 2511 Amphittuoni
738 2462 793 2497 ut
820 2467 1001 2512 semper
1031 2452 1169 2498 iratus
1198 2452 1291 2498 sies.
