1650 2826
0 276 18 415 ἑῑ

0 407 26 642 ξ,

165 227 310 270 ν.5ο
472 210 777 258 ACTUS
837 210 1118 262 I.SC.I.
1352 237 1436 281 123

466 328 1131 368 BEMAENETU'S.

166 412 349 458 Omnes
370 405 606 476 parantes,
633 411 813 458 Libane
828 447 842 469 ,
872 412 1025 460 liberis
1050 416 1140 462 suis
1156 449 1171 472 ,

167 484 270 554 Qui
299 483 368 531 mi
393 484 752 548 auscultabunt,
782 484 953 532 facient
981 487 1372 548 obsequentiam:

167 555 361 624 Quippe
397 555 483 615 qui
516 573 653 621 mage
686 557 840 604 amico
873 568 1068 605 utantur
1099 571 1242 624 gnato
1274 573 1321 607 et
1354 562 1439 609 be-

420 630 618 675 nevolo:

165 697 325 760 Atque
366 715 453 763 ego
486 717 565 746 me
607 701 658 747 id
688 702 837 750 facere
869 705 1050 752 studeo.
1089 709 1204 754 volo
1234 708 1377 754 amaxi
1414 724 1440 754 a

417 772 531 818 meis
547 807 562 829 ‚

165 841 291 888 Volo
322 859 400 889 me
429 845 569 905 patris
598 847 695 892 mei
720 848 950 905 similem,
983 851 1069 910 qui
1096 867 1247 897 caussa
1271 869 1377 899 mea

165 915 450 964 Nauclerio
439 935 535 980 ipse
565 930 734 965 ornatu
756 936 841 982 per
867 883 1118 980 fall’aciam,

166 987 328 1057 Quam
354 991 599 1049 amabam,
632 993 831 1039 abduxit
856 995 916 1040 ab
940 996 1114 1041 lenone
1141 998 1403 1046 mulierem.

166 1059 337 1121 Neque
364 1063 542 1124 puduit
568 1081 681 1112 eum
712 1066 764 1111 id
793 1067 952 1113 aetatis
988 1070 1312 1131 sycophantias
1376 1078 1412 1086 ''

168 1131 354 1180 Struere
367 1170 380 1191 ,
397 1147 444 1181 et
457 1137 694 1183 beneficiis
707 1155 786 1185 me
804 1155 958 1185 emere
972 1154 1169 1204 gnatum
1183 1161 1323 1191 suum
1341 1146 1439 1192 sibi.

165 1206 259 1252 Eos
284 1224 362 1253 me
395 1209 637 1256 decretum
664 1212 717 1256 'st
743 1214 959 1274 persequi
993 1232 1145 1262 mores
1174 1218 1326 1278 patris.

166 1279 290 1325 Nam
318 1297 397 1326 me
426 1281 569 1327 hodie
597 1285 745 1330 oravit
773 1284 1061 1348 Argyrippus
1084 1289 1233 1347 filius,

168 1351 248 1398 Uti
279 1352 366 1398 sibi
392 1354 567 1399 amanti
595 1353 794 1401 facerem
823 1360 999 1421 argenti
1033 1362 1246 1421 copiam:

165 1423 227 1469 Et
257 1423 307 1468 id
333 1441 420 1488 ego
448 1426 701 1487 percupio·
709 1427 907 1489 obsequi
937 1442 1080 1507 gnato
1105 1450 1229 1479 meo.
1371 1448 1392 1506 s:

89 1496 101 1507 ’
167 1481 295 1543 Volo
339 1498 486 1542 amori
525 1498 806 1546 obsecutum
848 1488 1004 1559 iuius,
1044 1505 1157 1550 volo
1200 1516 1326 1551 amet
1364 1523 1443 1553 me

454 1580 614 1615 atrem.

167 1586 479 1709 Quamquaijn
496 1641 635 1687 illum
654 1654 803 1689 mater
818 1655 914 1690 arte
933 1656 1254 1709 contenteque
1273 1651 1416 1697 habet
1427 1685 1443 1709 ,

167 1712 321 1758 Patres
342 1723 398 1759 ut
418 1727 793 1762 consueverunt:
827 1734 914 1781 ego
936 1719 1078 1765 mitto
1104 1723 1264 1768 omnia
1283 1724 1409 1771 haec.

167 1786 440 1832 Praesertim
473 1803 628 1847 quom
656 1789 693 1834 is
724 1806 804 1836 me
842 1791 1042 1855 dignum
1057 1828 1071 1850 ,
1106 1796 1222 1855 quoi
1252 1813 1443 1845 concre-

421 1857 551 1904 deret
564 1895 578 1915 ,

168 1927 374 1984 Habuit,
398 1945 477 1975 me
494 1930 663 1975 habere
680 1931 915 1978 honorem
933 1935 1029 1997 ejus
1053 1936 1244 2000 ingenio
1263 1939 1422 1986 decet:

169 2002 338 2070 Quom
361 2019 438 2048 me
468 2003 608 2060 adiit,
635 2015 690 2049 ut
716 2005 992 2066 pudentem
1016 2020 1214 2072 gnatum
1236 2029 1443 2073 aequom

420 2076 474 2122 ’st
498 2088 711 2137 patrem3

170 2147 328 2208 Cupio
361 2165 453 2195 esse
483 2150 659 2195 amicae
687 2152 824 2211 quod
855 2153 936 2198 det
968 2167 1215 2219 argentum
1238 2175 1361 2206 suae⁴

591 2249 621 2281 1,
658 2249 678 2281 1
715 2249 742 2281 Β
778 2249 811 2281 Α
845 2250 879 2282 Ν
914 2250 950 2283 U
986 2252 1024 2285 s.

174 2315 317 2376 Cupis
335 2316 386 2362 id
398 2351 411 2373 ,
433 2316 568 2377 quod
586 2333 757 2379 cupere
770 2329 818 2364 te
835 2320 1167 2382 nequidquam
1181 2323 1417 2387 intellego-

172 2384 393 2452 Dotalem
421 2405 605 2435 servom
638 2389 858 2436 Sauream
884 2407 1004 2438 uxor
1030 2403 1113 2439 tua

174 2454 388 2504 Adduxit
400 2460 557 2521 ,quoi
574 2462 719 2521 plus
707 2477 757 2507 m
785 2479 932 2509 manu
954 2464 1011 2510 sit
1033 2481 1183 2526 quam
1204 2466 1304 2512 tibi.
