1650 2826
104 195 247 255 v.36
373 188 643 238 ACTUS
691 188 775 234 11.
824 187 927 234 SC.
975 187 1161 235 VIII.
1294 202 1386 246 307

516 310 551 342 ο
583 307 687 341 L'Y
722 307 764 340 u
798 308 828 341 Ρ
867 309 889 341 1
926 308 975 341 o.

111 381 222 429 Sine
242 381 372 444 prius
391 377 577 424 deduci.
599 376 720 438 quid
735 410 749 433 ‚
773 377 956 422 malum
968 409 984 434 ‚
1001 391 1222 438 properas
1235 374 1258 420 ?

530 474 553 508 S
589 475 620 508 T
658 474 691 508 A
726 473 757 509 L
795 475 815 507 Ι
850 475 884 507 N
919 473 968 507 O.

1245 530 1385 578 Amo.

525 628 558 660 o
595 610 693 659 L‘Y
729 625 772 657 M
808 625 892 658 ΡΙ
932 626 980 658 o.

110 704 176 753 At
201 719 304 750 non
330 703 502 764 opinor
526 702 624 747 fieri
654 702 747 747 hoc
773 716 907 763 posse
938 699 1096 746 hodie.

518 792 959 828 STALINO.

1134 854 1321 911 Potest,

117 929 369 992 Siquidem
396 945 491 976 cras
517 943 672 974 censes
692 942 827 988 posse
853 937 902 972 te
927 926 1057 972 mitti
1084 943 1245 972 manu.

494 1028 1002 1062 CHALINUS.

113 1097 368 1153 Enimvero
387 1105 485 1149 huc
501 1118 632 1148 aures
648 1102 792 1164 magis
813 1114 922 1147 sunt
939 1102 1235 1149 adhibendae
1250 1105 1381 1150 mihi.

106 1177 216 1236 Jam
235 1193 323 1240 ego
343 1192 443 1223 uno
462 1176 514 1220 in
532 1176 651 1220 saltu
670 1174 830 1235 lepide
846 1190 985 1236 apros
999 1176 1181 1238 capiam
1199 1177 1332 1223 duos.

533 1276 968 1309 STALINO.

114 1352 263 1415 Apud
288 1353 419 1398 hunc
441 1351 649 1397 sodalem
673 1368 839 1397 meum
862 1363 1008 1412 atque
1022 1352 1234 1398 vicinum
1253 1354 1372 1398 mihi

113 1427 270 1473 Locus
284 1436 351 1471 eet
374 1436 573 1486 paratus.
595 1425 638 1469 ei
663 1441 750 1488 ego
770 1441 981 1473 amorem
1007 1441 1205 1471 omnem
1219 1443 1385 1474 meum

116 1499 415 1546 Concredui:
443 1498 479 1542 is
509 1497 630 1544 mihi
658 1514 705 1542 se
730 1499 895 1543 locum
923 1497 1044 1544 dixit
1071 1498 1192 1544 daxe.

533 1596 566 1629 o
601 1596 632 1628 L
667 1596 702 1628 Y
738 1596 781 1628 M
816 1595 845 1628 P
879 1596 901 1629 1
936 1595 984 1628 ο.

119 1672 258 1741 Quid
286 1673 383 1736 ejus
408 1673 564 1719 uxor?
603 1672 689 1718 ubi
719 1674 843 1719 erit?

530 1773 553 1806 S
588 1772 620 1805 Τ
658 1773 691 1806 Α
726 1773 757 1806 L
793 1774 815 1806 1
851 1774 884 1806 N
923 1773 971 1806 Ο.

886 1848 1068 1910 Lepide
1094 1850 1258 1910 reperi.

120 1921 229 1966 Mea
249 1937 371 1966 uxor
395 1923 583 1968 vocabit
608 1924 704 1969 huc
731 1939 836 1968 eam
856 1923 919 1967 ad
941 1939 988 1967 se
1015 1924 1067 1968 in
1088 1924 1301 1983 nuptias,

120 1992 186 2037 Ut
202 1991 278 2037 hic
300 1993 357 2038 sit
380 2009 539 2038 secum
553 2028 567 2050 ‚
590 2010 636 2038 se
661 1993 881 2056 adjuvet,
910 2010 1070 2039 secum
1100 1994 1257 2038 cubet.

119 2063 221 2126 Ego
238 2063 377 2125 jussi,
405 2074 452 2108 et
479 2063 598 2108 dixit
619 2080 665 2108 se
689 2062 916 2108 facturam
942 2079 1064 2109 uxor
1091 2079 1211 2107 mea.

120 2135 208 2180 Illa
236 2135 312 2181 hic
342 2135 562 2181 cubabit:
594 2136 666 2181 vir
693 2135 841 2181 aberit
867 2135 975 2180 faxo
1002 2135 1163 2181 domo.

121 2207 203 2253 Tu
228 2224 303 2252 rus
325 2223 524 2252 uxorem
554 2206 707 2252 duces.
736 2205 788 2251 id
811 2223 888 2252 rus
914 2207 1007 2251 hoc
1030 2206 1137 2262 erit,

121 2279 369 2340 Tantisper
400 2278 518 2324 dum
546 2295 632 2342 ego
654 2294 765 2323 cum
785 2278 946 2323 Casina
964 2276 1128 2323 faciam
1153 2279 1350 2340 nuptias.

124 2348 251 2395 Hinc
277 2361 333 2396 tu
358 2361 466 2396 ante
490 2352 648 2397 lucem
671 2368 747 2397 rus
766 2367 872 2416 ⁸cras
898 2351 1039 2398 duces
1059 2363 1233 2414 postea.

126 2419 266 2467 Satin'
294 2435 442 2489 astute
456 2425 479 2470 Ρ
