1650 2826
106 235 112 237 a
166 196 255 244 v.6
448 191 734 249 ACTUS
782 193 818 238 1.
870 191 976 239 SC.
1040 195 1120 240 II.
1351 214 1434 255 127

166 304 296 350 Faxo
323 312 490 348 erunt:
514 301 672 362 eapitis
692 309 742 346 te
770 299 967 361 perdam
996 316 1084 365 ego
1114 313 1162 348 et
1188 304 1333 350 filiam
1348 339 1363 362 ,

165 376 460 423 Perlecebrae
478 409 493 432 ,
515 373 738 436 pernicies
752 406 767 429 ,
802 371 1158 419 adulescentum
1196 375 1407 422 exitium.

166 449 290 495 Nam
307 463 434 495 mare
450 446 580 493 haud
598 457 664 491 est
683 461 810 490 mare
822 478 836 502 ‚
859 460 945 490 vos
960 461 1087 491 mare
1104 462 1415 495 acerrumum.

166 520 291 566 Nam
318 520 368 565 in
398 518 513 564 mari
545 517 726 578 reperi,
754 517 830 564 hic
863 517 982 563 elavi
1008 518 1158 565 bonis.

166 593 350 656 Ingrata
373 601 518 651 atque
543 590 680 636 inrita
703 606 795 635 esse
826 590 987 636 omnia
1013 591 1240 656 intellego
1255 627 1270 650 ‚

167 665 305 734 Quae
337 662 471 719 dedi,
493 673 541 707 et
569 661 706 722 quod
735 661 974 708 benefeci:
1001 675 1048 709 at
1073 665 1266 725 posthac
1294 666 1381 711 tibi
1396 701 1409 723 ‚

167 735 291 782 Male
323 734 460 796 quod
485 744 654 795 potero
683 733 856 791 facere,
879 734 1071 794 faciam,
1099 737 1367 798 meritoque
1394 738 1443 784 id

416 804 584 852 faciam
614 817 716 851 tuo.

169 876 270 942 Ego
303 878 388 939 pol
424 888 472 922 te
510 877 720 940 redigam
759 875 932 922 eodem
972 878 1102 924 unde
1138 889 1238 925 orta
1277 896 1321 924 es
1341 914 1354 937 ‚
1386 881 1445 926 ad

419 949 626 1014 egestatis
650 944 890 996 terminos?

171 1026 272 1091 Ego
298 1025 470 1086 edepol
488 1035 535 1070 te
562 1023 727 1070 faciam
741 1058 754 1081 ,
780 1036 835 1070 ut
858 1040 981 1085 quae
998 1024 1053 1070 sis
1078 1040 1210 1070 nunc
1227 1058 1240 1082 ,
1257 1035 1304 1070 et
1323 1041 1446 1086 quae
1463 1018 1492 1044 ⁸

417 1096 589 1154 fueris,
625 1098 764 1144 scias.-

176 1170 314 1265 Quae
327 1169 607 1231 priusquam
616 1169 748 1215 istam
766 1169 884 1226 adii,
902 1180 1047 1229 atque
1062 1185 1220 1215 amans
1240 1185 1328 1234 ego
1347 1171 1445 1215 ani-

427 1260 565 1289 mum
592 1261 757 1289 meum
789 1244 862 1289 isti
890 1243 1024 1300 dedi,

176 1315 378 1364 sordido
394 1317 540 1362 vitam
559 1317 820 1362 oblectabas
837 1334 982 1378 pane,
997 1318 1046 1362 in
1062 1319 1227 1378 pannis
1240 1353 1253 1374 ,
1272 1319 1444 1380 inopia.

176 1389 338 1450 Atque
358 1406 413 1435 ea
436 1389 471 1434 si
497 1401 627 1435 erant
642 1425 656 1446 ,
679 1405 866 1453 magnas
884 1389 1085 1436 habebas
1109 1389 1332 1436 omnibus
1348 1391 1447 1435 Diis

435 1471 607 1522 gratias.

177 1533 357 1580 Eadem
392 1549 557 1588 nune,
601 1549 753 1613 quom
792 1544 859 1579 est
892 1535 1086 1591 melius,
1129 1551 1237 1592 me,
1278 1537 1448 1600 quojus

436 1620 576 1664 opera
608 1615 700 1661 est,
728 1605 936 1668 ignoras,
964 1607 1096 1651 mala.

180 1677 395 1727 Reddam
425 1694 511 1741 ego
547 1688 595 1723 te
625 1694 685 1724 ex
709 1678 836 1736 fera,
868 1678 993 1725 fame
1019 1692 1339 1739 mansuetem,
1371 1698 1449 1727 me

436 1764 591 1813 specta
620 1754 782 1800 modo.

182 1826 306 1872 Nam
334 1826 408 1871 isti
438 1827 572 1886 quod
602 1844 895 1874 succenseam
920 1829 1033 1890 ipsi,
1056 1829 1176 1875 nihil
1201 1843 1267 1876 est
1288 1850 1296 1876 ε
1333 1832 1448 1876 nihil

226 1885 241 1898 ’
432 1899 697 1960 quidquam
730 1912 892 1947 meret.

183 1971 295 2017 Tuo
325 1970 432 2016 facit
459 1973 616 2034 jussu,
643 1985 729 2019 tuo
759 1974 957 2035 imperio
995 1986 1158 2036 paret:
1190 1987 1338 2021 mater
1369 1987 1449 2032 tu,

444 2045 607 2090 eadem
637 2046 748 2091 hera
774 2063 832 2091 es.

105 2097 108 2104 Δ
182 2114 256 2161 Te
277 2131 365 2179 ego
397 2117 613 2175 ulciscar,
639 2129 688 2163 te
716 2135 831 2182 ego,
867 2129 923 2164 ut
958 2119 1099 2183 digna
1127 2135 1201 2177 es,
1228 2121 1451 2182 perdam,

418 2202 584 2252 “atque
611 2203 667 2237 ut
697 2192 756 2238 de
781 2209 858 2238 me
888 2209 1048 2238 meres,

183 2257 275 2318 At,
294 2263 499 2319 scelesta,
518 2262 672 2309 viden’
695 2275 750 2309 ut
774 2280 834 2310 ne
857 2264 908 2310 id
932 2266 1129 2326 quidem
1153 2283 1232 2312 me
1255 2266 1453 2332 dignum

440 2350 531 2380 esse
565 2347 814 2382 exlstumat
828 2371 841 2394 ,

190 2403 351 2472 Quem
372 2407 531 2465 adeat,
551 2425 699 2468 quem
722 2411 1065 2471 conloquatur,
1093 2412 1310 2473 quoique
1338 2411 1453 2457 irato

376 2477 388 2485 '
441 2482 707 2543 supplicet?
