1650 2826
1347 97 1370 153 ‘x

1372 159 1382 181 Χ

223 214 316 275 428
549 211 1158 265 CAPTEIVEI.
1367 233 1507 279 v.33

221 322 337 370 Non
362 325 545 372 novisse
561 360 573 380 2
601 325 686 386 qui
713 325 867 371 istunc
888 326 1095 387 appelles
1113 324 1397 388 Tyndarum
1419 343 1507 388 pro

477 399 752 445 Philocrate.

224 470 392 540 Quem
413 472 559 527 vides,
578 490 687 518 eum
709 473 921 537 ignoras:
940 472 1080 519 illum
1097 473 1315 519 nominas
1328 507 1343 531 ,
1361 488 1510 534 quem

478 562 580 591 non
606 545 749 591 vides.

443 642 1296 680 ARISTOPHONTES.

229 713 386 762 Immo
418 717 503 763 iste
534 735 648 763 eum
683 733 777 762 sese
813 716 906 772 ait,
933 717 1020 777 qul
1048 731 1151 762 non
1178 727 1275 774 est,
1308 733 1431 764 esse:
1465 728 1513 764 et

485 792 571 853 qui
596 808 710 839 vero
743 802 836 847 est,
860 801 1013 854 negat.

589 893 620 926 Τ
656 892 690 924 Y
726 892 759 924 N
794 891 829 923 D
866 890 900 922 A
937 891 970 923 R
1007 890 1043 922 U
1080 889 1122 924 s.

232 956 314 1003 Tu
346 959 476 1005 enim
499 971 734 1021 repertuS,
754 958 1072 1005 Philocratem
1092 959 1179 1020 qui
1194 975 1382 1021 superes
1398 960 1516 1007 veri-

488 1030 682 1076 verbio!

458 1128 1303 1164 ARISTOPHONTES.

231 1199 320 1247 Pol
335 1236 349 1259 ‚
376 1217 463 1266 ego
488 1213 544 1249 ut
571 1220 674 1250 rem
696 1203 838 1250 video
853 1237 867 1259 ‚
896 1213 953 1248 tu
981 1201 1203 1249 inventus
1219 1237 1234 1262 ,
1260 1220 1370 1250 vera
1387 1205 1518 1252 vani⁴

488 1277 658 1324 tudine

233 1345 339 1416 Qui
356 1351 620 1397 convincas.
641 1350 723 1396 sed
747 1365 922 1412 quaeso
939 1383 953 1407 ‚
970 1349 1128 1395 hercle
1143 1382 1157 1407 ,
1175 1346 1382 1414 agedufn
1400 1352 1521 1414 aspi-

487 1438 543 1469 ce
572 1424 751 1470 adme.

606 1524 638 1557 ‘1'
674 1524 708 1557 Y
742 1523 776 1556 N
812 1523 848 1556 D
883 1521 918 1554 Α
953 1521 987 1554 R
1024 1520 1060 1553 U
1097 1518 1134 1553 s.

1032 1586 1193 1633 Hem!

451 1681 1305 1722 ARISTOPHONTES.

1230 1752 1322 1799 Dic
1341 1750 1524 1809 modo,

238 1830 311 1876 Te
331 1846 471 1895 negas
493 1832 778 1894 Tyndarum
804 1847 896 1877 esse
917 1832 940 1877 ?

622 1925 654 1958 T
690 1925 724 1957 Y
762 1926 793 1959 N
832 1926 867 1958 D
904 1924 939 1958 A
973 1924 1008 1957 R
1042 1921 1079 1954 U
1115 1920 1154 1955 S.

664 1986 799 2049 Nego
817 2020 830 2042 ‚
852 1984 1067 2045 inquam.

447 2071 1297 2114 ARISTOPHONTES.

760 2148 888 2193 Tun’
910 2157 958 2192 te
980 2145 1298 2191 Philocratem
1317 2153 1408 2185 esse
1425 2136 1485 2182 ais
1501 2135 1524 2181 ?

616 2252 647 2284 Τ
683 2251 718 2284 Υ
752 2251 786 2283 N
821 2250 856 2282 D
892 2248 928 2281 A
962 2249 995 2281 R
1031 2247 1065 2280 U
1104 2245 1142 2279 s.

241 2319 622 2383 Ego‚inquam.

447 2402 1295 2447 ARISTOPHONTES.

568 2483 712 2528 Tune
738 2482 849 2528 huic
877 2478 1056 2531 credis?
