<?xml version="1.0" encoding="UTF-8"?>
<!DOCTYPE html PUBLIC "-//W3C//DTD XHTML 1.0 Transitional//EN"
    "http://www.w3.org/TR/xhtml1/DTD/xhtml1-transitional.dtd">
<html xmlns="http://www.w3.org/1999/xhtml" xml:lang="en" lang="en">
 <head>
  <title>
</title>
<meta http-equiv="Content-Type" content="text/html;charset=utf-8" />
  <meta name='ocr-system' content='tesseract 3.04.00' />
  <meta name='ocr-capabilities' content='ocr_page ocr_carea ocr_par ocr_line ocrx_word'/>
</head>
<body>
  <div class='ocr_page' id='page_1' title='image "./comoediaesuperst01plauuoft_0171.png"; bbox 0 0 1650 2826; ppageno 0'>
   <div class='ocr_carea' id='block_1_1' title="bbox 438 180 1447 333">
    <p class='ocr_par' dir='ltr' id='par_1_1' title="bbox 438 180 1447 333">
     <span class='ocr_line' id='line_1_1' title="bbox 1362 180 1447 221; baseline 0.059 -6"><span class='ocrx_word' id='word_1_1' title='bbox 1362 180 1447 221; x_wconf 59' lang='grc' dir='ltr'><strong><em>υ]</em></strong></span> 
     </span>
     <span class='ocr_line' id='line_1_2' title="bbox 438 230 1182 333; baseline -0.011 -15"><span class='ocrx_word' id='word_1_2' title='bbox 438 230 1182 333; x_wconf 66' lang='grc' dir='ltr'>ᾸΒΟΗΜΕΝΤΠΜ</span> 
     </span>
    </p>
   </div>
   <div class='ocr_carea' id='block_1_2' title="bbox 477 332 1165 502">
    <p class='ocr_par' dir='ltr' id='par_1_2' title="bbox 477 332 1165 502">
     <span class='ocr_line' id='line_1_3' title="bbox 477 332 1165 428; baseline -0.012 -14"><span class='ocrx_word' id='word_1_3' title='bbox 477 367 503 428; x_wconf 65' lang='lat'><strong><em>(*</em></strong></span> <span class='ocrx_word' id='word_1_4' title='bbox 511 365 575 413; x_wconf 92' lang='lat' dir='ltr'><strong><em>Ut</em></strong></span> <span class='ocrx_word' id='word_1_5' title='bbox 612 362 898 425; x_wconf 77' lang='lat' dir='ltr'><strong><em>quibusdam</em></strong></span> <span class='ocrx_word' id='word_1_6' title='bbox 932 361 1119 410; x_wconf 79' lang='lat' dir='ltr'><strong><em>videtur</em></strong></span> <span class='ocrx_word' id='word_1_7' title='bbox 1132 332 1165 423; x_wconf 28' lang='grc'><strong><em>)-</em></strong></span> 
     </span>
     <span class='ocr_line' id='line_1_4' title="bbox 539 456 1058 502; baseline -0.01 0"><span class='ocrx_word' id='word_1_8' title='bbox 539 456 1058 502; x_wconf 60' lang='lat' dir='ltr'><strong>&#39;PRIS·CIANI.</strong></span> 
     </span>
    </p>
   </div>
   <div class='ocr_carea' id='block_1_3' title="bbox 188 553 1279 1070">
    <p class='ocr_par' dir='ltr' id='par_1_3' title="bbox 188 553 1279 1070">
     <span class='ocr_line' id='line_1_5' title="bbox 250 553 1135 615; baseline -0.002 -14"><span class='ocrx_word' id='word_1_9' title='bbox 250 554 390 602; x_wconf 61' lang='grc' dir='ltr'><strong><em>ΑΗΔ</em></strong></span> <span class='ocrx_word' id='word_1_10' title='bbox 406 563 449 600; x_wconf 85' lang='grc' dir='ltr'><em>Ν</em></span> <span class='ocrx_word' id='word_1_11' title='bbox 465 563 539 599; x_wconf 85' lang='lat' dir='ltr'><strong><em>TI</em></strong></span> <span class='ocrx_word' id='word_1_12' title='bbox 566 564 740 614; x_wconf 87' lang='lat' dir='ltr'><strong><em>argento</em></strong></span> <span class='ocrx_word' id='word_1_13' title='bbox 750 553 854 615; x_wconf 85' lang='lat' dir='ltr'><strong><em>filio</em></strong></span> <span class='ocrx_word' id='word_1_14' title='bbox 880 553 1135 599; x_wconf 56' lang='lat' dir='ltr'><strong><em>auxiliaria</em></strong></span> 
     </span>
     <span class='ocr_line' id='line_1_6' title="bbox 188 617 1100 682; baseline -0.003 -18"><span class='ocrx_word' id='word_1_15' title='bbox 188 618 276 667; x_wconf 65' lang='lat' dir='ltr'><strong><em>Sub</em></strong></span> <span class='ocrx_word' id='word_1_16' title='bbox 294 619 463 682; x_wconf 85' lang='lat' dir='ltr'><strong><em>imperio</em></strong></span> <span class='ocrx_word' id='word_1_17' title='bbox 490 619 632 664; x_wconf 84' lang='lat' dir='ltr'><em>vivens</em></span> <span class='ocrx_word' id='word_1_18' title='bbox 656 617 745 663; x_wconf 83' lang='lat' dir='ltr'><strong><em>volt</em></strong></span> <span class='ocrx_word' id='word_1_19' title='bbox 773 634 901 663; x_wconf 76' lang='lat' dir='ltr'><strong><em>senex</em></strong></span> <span class='ocrx_word' id='word_1_20' title='bbox 938 620 1100 662; x_wconf 86' lang='lat' dir='ltr'><strong><em>uxorio.</em></strong></span> 
     </span>
     <span class='ocr_line' id='line_1_7' title="bbox 189 681 1216 749; baseline 0 -21"><span class='ocrx_word' id='word_1_21' title='bbox 189 683 338 749; x_wconf 70' lang='lat' dir='ltr'><strong><em>Itaque</em></strong></span> <span class='ocrx_word' id='word_1_22' title='bbox 359 681 407 727; x_wconf 91' lang='lat' dir='ltr'><strong><em>ob</em></strong></span> <span class='ocrx_word' id='word_1_23' title='bbox 443 682 579 745; x_wconf 71' lang='lat' dir='ltr'><strong><em>afinos</em></strong></span> <span class='ocrx_word' id='word_1_24' title='bbox 612 681 794 726; x_wconf 89' lang='lat' dir='ltr'><strong><em>relatum</em></strong></span> <span class='ocrx_word' id='word_1_25' title='bbox 810 683 998 745; x_wconf 84' lang='lat' dir='ltr'><strong><em>pretium</em></strong></span> <span class='ocrx_word' id='word_1_26' title='bbox 1028 682 1216 728; x_wconf 83' lang='lat' dir='ltr'><strong><em>Saureae</em></strong></span> 
     </span>
     <span class='ocr_line' id='line_1_8' title="bbox 189 745 1037 821; baseline -0.002 -29"><span class='ocrx_word' id='word_1_27' title='bbox 189 745 467 792; x_wconf 84' lang='lat' dir='ltr'><strong><em>Numerarier</em></strong></span> <span class='ocrx_word' id='word_1_28' title='bbox 478 745 482 748; x_wconf 65' lang='grc'><strong>’</strong></span> <span class='ocrx_word' id='word_1_29' title='bbox 481 749 598 821; x_wconf 70' lang='lat' dir='ltr'><strong><em>jussi</em></strong></span> <span class='ocrx_word' id='word_1_30' title='bbox 600 758 618 791; x_wconf 87' lang='lat' dir='ltr'><strong><em>t</em></strong></span> <span class='ocrx_word' id='word_1_31' title='bbox 635 746 792 792; x_wconf 86' lang='lat' dir='ltr'><strong><em>servolo</em></strong></span> <span class='ocrx_word' id='word_1_32' title='bbox 814 746 1037 791; x_wconf 79' lang='lat' dir='ltr'><em>Leonidae.</em></span> 
     </span>
     <span class='ocr_line' id='line_1_9' title="bbox 189 809 1192 875; baseline 0.001 -21"><span class='ocrx_word' id='word_1_33' title='bbox 189 809 262 854; x_wconf 71' lang='lat' dir='ltr'><strong><em>Ad</em></strong></span> <span class='ocrx_word' id='word_1_34' title='bbox 279 812 459 856; x_wconf 81' lang='lat' dir='ltr'><strong><em>amicam</em></strong></span> <span class='ocrx_word' id='word_1_35' title='bbox 481 811 528 855; x_wconf 80' lang='lat' dir='ltr'><strong><em>ul</em></strong></span> <span class='ocrx_word' id='word_1_36' title='bbox 543 811 709 875; x_wconf 89' lang='lat' dir='ltr'><strong><em>fertur.</em></strong></span> <span class='ocrx_word' id='word_1_37' title='bbox 742 810 858 855; x_wconf 87' lang='lat' dir='ltr'><strong><em>cedit·</em></strong></span> <span class='ocrx_word' id='word_1_38' title='bbox 877 812 1036 856; x_wconf 65' lang='lat' dir='ltr'><strong><em>nostem</em></strong></span> <span class='ocrx_word' id='word_1_39' title='bbox 1048 811 1192 874; x_wconf 77' lang='lat' dir='ltr'><strong><em>filius:</em></strong></span> 
     </span>
     <span class='ocr_line' id='line_1_10' title="bbox 189 874 1191 939; baseline 0.002 -19"><span class='ocrx_word' id='word_1_40' title='bbox 189 874 367 920; x_wconf 80' lang='lat' dir='ltr'><strong><em>Rivinus</em></strong></span> <span class='ocrx_word' id='word_1_41' title='bbox 400 892 541 921; x_wconf 90' lang='lat' dir='ltr'><strong><em>amens</em></strong></span> <span class='ocrx_word' id='word_1_42' title='bbox 572 877 620 921; x_wconf 90' lang='lat' dir='ltr'><strong><em>ob</em></strong></span> <span class='ocrx_word' id='word_1_43' title='bbox 642 887 912 939; x_wconf 82' lang='lat' dir='ltr'><strong><em>praereptam</em></strong></span> <span class='ocrx_word' id='word_1_44' title='bbox 942 876 1191 922; x_wconf 72' lang='lat' dir='ltr'><strong><em>mulierem,-</em></strong></span> 
     </span>
     <span class='ocr_line' id='line_1_11' title="bbox 191 938 1279 1003; baseline 0.006 -21"><span class='ocrx_word' id='word_1_45' title='bbox 191 938 239 982; x_wconf 89' lang='lat' dir='ltr'><strong><em>Is</em></strong></span> <span class='ocrx_word' id='word_1_46' title='bbox 263 955 350 984; x_wconf 90' lang='lat' dir='ltr'><strong><em>rem</em></strong></span> <span class='ocrx_word' id='word_1_47' title='bbox 366 955 526 985; x_wconf 89' lang='lat' dir='ltr'><strong><em>omnem</em></strong></span> <span class='ocrx_word' id='word_1_48' title='bbox 553 941 682 986; x_wconf 86' lang='lat' dir='ltr'><strong><em>uxori</em></strong></span> <span class='ocrx_word' id='word_1_49' title='bbox 702 957 783 1003; x_wconf 86' lang='lat' dir='ltr'><strong><em>per</em></strong></span> <span class='ocrx_word' id='word_1_50' title='bbox 809 939 1061 986; x_wconf 85' lang='lat' dir='ltr'><strong><em>Parasitum</em></strong></span> <span class='ocrx_word' id='word_1_51' title='bbox 1082 944 1279 989; x_wconf 48' lang='lat' dir='ltr'><strong><em>nuntiat.¹</em></strong></span> 
     </span>
     <span class='ocr_line' id='line_1_12' title="bbox 192 1003 1166 1070; baseline 0.006 -22"><span class='ocrx_word' id='word_1_52' title='bbox 192 1003 393 1054; x_wconf 70' lang='lat' dir='ltr'><strong><em>Accurrit</em></strong></span> <span class='ocrx_word' id='word_1_53' title='bbox 418 1021 528 1051; x_wconf 83' lang='lat' dir='ltr'><strong><em>uxor</em></strong></span> <span class='ocrx_word' id='word_1_54' title='bbox 543 1040 558 1052; x_wconf 79' lang='lat'><em>‚</em></span> <span class='ocrx_word' id='word_1_55' title='bbox 590 1022 640 1051; x_wconf 87' lang='lat' dir='ltr'><strong><em>ac</em></strong></span> <span class='ocrx_word' id='word_1_56' title='bbox 666 1006 805 1053; x_wconf 80' lang='lat' dir='ltr'><strong><em>virum</em></strong></span> <span class='ocrx_word' id='word_1_57' title='bbox 823 1021 843 1051; x_wconf 87' lang='lat' dir='ltr'><strong><em>e</em></strong></span> <span class='ocrx_word' id='word_1_58' title='bbox 861 1004 1008 1052; x_wconf 85' lang='lat' dir='ltr'><strong><em>lustris</em></strong></span> <span class='ocrx_word' id='word_1_59' title='bbox 1029 1007 1166 1070; x_wconf 59' lang='lat' dir='ltr'><strong><em>rapit„</em></strong></span> 
     </span>
    </p>
   </div>
   <div class='ocr_carea' id='block_1_4' title="bbox 259 1105 1410 1245">
    <p class='ocr_par' dir='ltr' id='par_1_4' title="bbox 259 1105 1410 1245">
     <span class='ocr_line' id='line_1_13' title="bbox 259 1105 1410 1154; baseline 0 -2"><span class='ocrx_word' id='word_1_60' title='bbox 259 1105 584 1154; x_wconf 86' lang='lat' dir='ltr'><strong>ALIUD</strong></span> <span class='ocrx_word' id='word_1_61' title='bbox 658 1106 1410 1153; x_wconf 86' lang='lat' dir='ltr'><strong>ARGUMENTUM-</strong></span> 
     </span>
     <span class='ocr_line' id='line_1_14' title="bbox 556 1201 1090 1245; baseline -0.002 -1"><span class='ocrx_word' id='word_1_62' title='bbox 556 1201 1090 1245; x_wconf 79' lang='lat' dir='ltr'>CAMERARII.</span> 
     </span>
    </p>
   </div>
   <div class='ocr_carea' id='block_1_5' title="bbox 199 1284 1500 2428">
    <p class='ocr_par' dir='ltr' id='par_1_5' title="bbox 199 1284 1500 2428">
     <span class='ocr_line' id='line_1_15' title="bbox 264 1284 1469 1350; baseline 0.002 -20"><span class='ocrx_word' id='word_1_63' title='bbox 264 1284 496 1332; x_wconf 74' lang='lat' dir='ltr'><strong><em>1111va</em></strong></span> <span class='ocrx_word' id='word_1_64' title='bbox 547 1287 788 1335; x_wconf 88' lang='lat' dir='ltr'><strong><em>Comoediae</em></strong></span> <span class='ocrx_word' id='word_1_65' title='bbox 820 1301 861 1335; x_wconf 91' lang='lat' dir='ltr'><strong><em>et</em></strong></span> <span class='ocrx_word' id='word_1_66' title='bbox 902 1307 1047 1336; x_wconf 88' lang='lat' dir='ltr'><strong><em>nomen</em></strong></span> <span class='ocrx_word' id='word_1_67' title='bbox 1084 1300 1126 1334; x_wconf 84' lang='lat' dir='ltr'><strong><em>et</em></strong></span> <span class='ocrx_word' id='word_1_68' title='bbox 1171 1299 1469 1350; x_wconf 81' lang='lat' dir='ltr'><strong><em>argumentum</em></strong></span> 
     </span>
     <span class='ocr_line' id='line_1_16' title="bbox 202 1348 1471 1416; baseline 0.003 -24"><span class='ocrx_word' id='word_1_69' title='bbox 202 1348 289 1394; x_wconf 84' lang='lat' dir='ltr'><strong><em>leve</em></strong></span> <span class='ocrx_word' id='word_1_70' title='bbox 321 1361 443 1411; x_wconf 84' lang='lat' dir='ltr'><strong><em>atque</em></strong></span> <span class='ocrx_word' id='word_1_71' title='bbox 461 1353 676 1416; x_wconf 84' lang='lat' dir='ltr'><strong><em>jocosum,</em></strong></span> <span class='ocrx_word' id='word_1_72' title='bbox 706 1365 891 1402; x_wconf 83' lang='lat' dir='ltr'><strong><em>et-tota,</em></strong></span> <span class='ocrx_word' id='word_1_73' title='bbox 924 1353 1267 1416; x_wconf 79' lang='lat' dir='ltr'><strong><em>quemadmodum</em></strong></span> <span class='ocrx_word' id='word_1_74' title='bbox 1303 1355 1347 1397; x_wconf 91' lang='lat' dir='ltr'><strong><em>in</em></strong></span> <span class='ocrx_word' id='word_1_75' title='bbox 1363 1352 1471 1396; x_wconf 90' lang='lat' dir='ltr'><strong><em>Pro-</em></strong></span> 
     </span>
     <span class='ocr_line' id='line_1_17' title="bbox 205 1411 1472 1479; baseline 0.005 -23"><span class='ocrx_word' id='word_1_76' title='bbox 205 1411 300 1472; x_wconf 83' lang='lat' dir='ltr'><strong><em>logo</em></strong></span> <span class='ocrx_word' id='word_1_77' title='bbox 330 1413 512 1462; x_wconf 82' lang='lat' dir='ltr'><strong><em>dicitur,</em></strong></span> <span class='ocrx_word' id='word_1_78' title='bbox 552 1417 737 1463; x_wconf 87' lang='lat' dir='ltr'><strong><em>ridicula</em></strong></span> <span class='ocrx_word' id='word_1_79' title='bbox 764 1435 830 1462; x_wconf 89' lang='lat' dir='ltr'><strong><em>res</em></strong></span> <span class='ocrx_word' id='word_1_80' title='bbox 866 1431 942 1463; x_wconf 75' lang='lat' dir='ltr'><strong><em>est.</em></strong></span> <span class='ocrx_word' id='word_1_81' title='bbox 969 1418 1055 1463; x_wconf 88' lang='lat' dir='ltr'><strong><em>Sed</em></strong></span> <span class='ocrx_word' id='word_1_82' title='bbox 1078 1419 1227 1477; x_wconf 87' lang='lat' dir='ltr'><strong><em>ingens</em></strong></span> <span class='ocrx_word' id='word_1_83' title='bbox 1254 1416 1472 1479; x_wconf 70' lang='lat' dir='ltr'><strong><em>turpitudo</em></strong></span> 
     </span>
     <span class='ocr_line' id='line_1_18' title="bbox 208 1476 1474 1545; baseline 0.003 -25"><span class='ocrx_word' id='word_1_84' title='bbox 208 1487 251 1520; x_wconf 90' lang='lat' dir='ltr'><strong><em>et</em></strong></span> <span class='ocrx_word' id='word_1_85' title='bbox 278 1476 491 1540; x_wconf 84' lang='lat' dir='ltr'><strong><em>nefarium</em></strong></span> <span class='ocrx_word' id='word_1_86' title='bbox 509 1477 737 1542; x_wconf 83' lang='lat' dir='ltr'><strong><em>flagitium</em></strong></span> <span class='ocrx_word' id='word_1_87' title='bbox 762 1481 842 1528; x_wconf 78' lang='grc' dir='ltr'><em>Ιιαε</em></span> <span class='ocrx_word' id='word_1_88' title='bbox 868 1481 1030 1545; x_wconf 80' lang='lat' dir='ltr'><strong><em>sabula</em></strong></span> <span class='ocrx_word' id='word_1_89' title='bbox 1062 1482 1286 1544; x_wconf 79' lang='lat' dir='ltr'><strong><em>exponitur</em></strong></span> <span class='ocrx_word' id='word_1_90' title='bbox 1299 1514 1323 1527; x_wconf 11' lang='lat' dir='ltr'><strong><em>,e</em></strong></span> <span class='ocrx_word' id='word_1_91' title='bbox 1342 1482 1474 1529; x_wconf 79' lang='lat' dir='ltr'><strong><em>socie-</em></strong></span> 
     </span>
     <span class='ocr_line' id='line_1_19' title="bbox 211 1542 1477 1608; baseline 0.005 -24"><span class='ocrx_word' id='word_1_92' title='bbox 211 1542 316 1585; x_wconf 85' lang='lat' dir='ltr'><strong><em>tatis</em></strong></span> <span class='ocrx_word' id='word_1_93' title='bbox 343 1542 565 1590; x_wconf 81' lang='lat' dir='ltr'><strong><em>scelestae,</em></strong></span> <span class='ocrx_word' id='word_1_94' title='bbox 593 1556 635 1587; x_wconf 90' lang='lat' dir='ltr'><strong><em>et</em></strong></span> <span class='ocrx_word' id='word_1_95' title='bbox 651 1561 816 1592; x_wconf 86' lang='lat' dir='ltr'><strong><em>eorum,</em></strong></span> <span class='ocrx_word' id='word_1_96' title='bbox 843 1562 948 1608; x_wconf 83' lang='lat' dir='ltr'><strong><em>quae</em></strong></span> <span class='ocrx_word' id='word_1_97' title='bbox 979 1544 1336 1590; x_wconf 84' lang='lat' dir='ltr'><strong><em>animadversione</em></strong></span> <span class='ocrx_word' id='word_1_98' title='bbox 1355 1560 1477 1590; x_wconf 78' lang='lat' dir='ltr'><strong><em>acer.-</em></strong></span> 
     </span>
     <span class='ocr_line' id='line_1_20' title="bbox 210 1604 1479 1673; baseline 0.004 -25"><span class='ocrx_word' id='word_1_99' title='bbox 210 1606 322 1649; x_wconf 88' lang='lat' dir='ltr'><strong><em>rima</em></strong></span> <span class='ocrx_word' id='word_1_100' title='bbox 358 1604 515 1665; x_wconf 82' lang='lat' dir='ltr'><strong><em>digna,</em></strong></span> <span class='ocrx_word' id='word_1_101' title='bbox 541 1624 622 1652; x_wconf 92' lang='lat' dir='ltr'><strong><em>non</em></strong></span> <span class='ocrx_word' id='word_1_102' title='bbox 643 1609 778 1653; x_wconf 88' lang='lat' dir='ltr'><strong><em>solum</em></strong></span> <span class='ocrx_word' id='word_1_103' title='bbox 806 1611 1014 1673; x_wconf 85' lang='lat' dir='ltr'><strong><em>impunita</em></strong></span> <span class='ocrx_word' id='word_1_104' title='bbox 1038 1621 1172 1654; x_wconf 86' lang='lat' dir='ltr'><strong><em>essent</em></strong></span> <span class='ocrx_word' id='word_1_105' title='bbox 1202 1609 1385 1669; x_wconf 82' lang='lat' dir='ltr'><strong><em>legibus,</em></strong></span> <span class='ocrx_word' id='word_1_106' title='bbox 1403 1608 1479 1653; x_wconf 89' lang='lat' dir='ltr'><strong><em>sed</em></strong></span> 
     </span>
     <span class='ocr_line' id='line_1_21' title="bbox 199 1670 1476 1736; baseline 0.002 -22"><span class='ocrx_word' id='word_1_107' title='bbox 199 1670 311 1736; x_wconf 84' lang='lat' dir='ltr'><strong><em>jocis</em></strong></span> <span class='ocrx_word' id='word_1_108' title='bbox 342 1672 468 1714; x_wconf 85' lang='lat' dir='ltr'><strong><em>etiam</em></strong></span> <span class='ocrx_word' id='word_1_109' title='bbox 493 1671 707 1717; x_wconf 78' lang='lat' dir='ltr'><strong><em>verborum</em></strong></span> <span class='ocrx_word' id='word_1_110' title='bbox 721 1673 851 1734; x_wconf 70' lang='lat' dir='ltr'><strong><em>vulgo</em></strong></span> <span class='ocrx_word' id='word_1_111' title='bbox 879 1673 1199 1726; x_wconf 77' lang='lat' dir='ltr'><strong><em>celebrarentur.</em></strong></span> <span class='ocrx_word' id='word_1_112' title='bbox 1218 1674 1356 1735; x_wconf 82' lang='lat' dir='ltr'><strong><em>Atque</em></strong></span> <span class='ocrx_word' id='word_1_113' title='bbox 1373 1673 1476 1718; x_wconf 78' lang='lat' dir='ltr'><strong><em>haec</em></strong></span> 
     </span>
     <span class='ocr_line' id='line_1_22' title="bbox 212 1733 1476 1801; baseline 0.005 -23"><span class='ocrx_word' id='word_1_114' title='bbox 212 1745 276 1795; x_wconf 68' lang='lat'><strong><em>⁶⁸!</em></strong></span> <span class='ocrx_word' id='word_1_115' title='bbox 301 1733 511 1783; x_wconf 75' lang='lat' dir='ltr'><strong><em>horribilis</em></strong></span> <span class='ocrx_word' id='word_1_116' title='bbox 532 1737 599 1781; x_wconf 90' lang='lat' dir='ltr'><strong><em>ira</em></strong></span> <span class='ocrx_word' id='word_1_117' title='bbox 614 1734 730 1785; x_wconf 82' lang='lat' dir='ltr'><strong><em>Dei,</em></strong></span> <span class='ocrx_word' id='word_1_118' title='bbox 746 1754 853 1801; x_wconf 70' lang='lat' dir='ltr'><strong><em>quae</em></strong></span> <span class='ocrx_word' id='word_1_119' title='bbox 869 1739 1124 1801; x_wconf 56' lang='lat' dir='ltr'><strong><em>inqpietatem</em></strong></span> <span class='ocrx_word' id='word_1_120' title='bbox 1147 1739 1217 1784; x_wconf 78' lang='lat' dir='ltr'><strong><em>ita.</em></strong></span> <span class='ocrx_word' id='word_1_121' title='bbox 1227 1737 1476 1785; x_wconf 79' lang='lat' dir='ltr'><strong><em>ulciscitur,</em></strong></span> 
     </span>
     <span class='ocr_line' id='line_1_23' title="bbox 214 1799 1480 1866; baseline 0.004 -25"><span class='ocrx_word' id='word_1_122' title='bbox 214 1809 264 1842; x_wconf 85' lang='lat' dir='ltr'><strong><em>ut</em></strong></span> <span class='ocrx_word' id='word_1_123' title='bbox 286 1799 330 1849; x_wconf 85' lang='lat' dir='ltr'><strong><em>in</em></strong></span> <span class='ocrx_word' id='word_1_124' title='bbox 348 1802 487 1845; x_wconf 88' lang='lat' dir='ltr'><strong><em>omnia</em></strong></span> <span class='ocrx_word' id='word_1_125' title='bbox 499 1801 691 1863; x_wconf 21' lang='lat' dir='ltr'><strong><em>pessima*</em></strong></span> <span class='ocrx_word' id='word_1_126' title='bbox 705 1802 826 1863; x_wconf 83' lang='lat' dir='ltr'><strong><em>illam</em></strong></span> <span class='ocrx_word' id='word_1_127' title='bbox 835 1800 1044 1866; x_wconf 84' lang='lat' dir='ltr'><strong><em>facinora</em></strong></span> <span class='ocrx_word' id='word_1_128' title='bbox 1068 1819 1189 1852; x_wconf 82' lang='lat' dir='ltr'><strong><em>ruere</em></strong></span> <span class='ocrx_word' id='word_1_129' title='bbox 1202 1837 1217 1850; x_wconf 84' lang='lat'><em>,</em></span> <span class='ocrx_word' id='word_1_130' title='bbox 1237 1813 1279 1851; x_wconf 80' lang='lat' dir='ltr'><strong><em>et</em></strong></span> <span class='ocrx_word' id='word_1_131' title='bbox 1305 1801 1480 1852; x_wconf 80' lang='lat' dir='ltr'><strong><em>delicias</em></strong></span> 
     </span>
     <span class='ocr_line' id='line_1_24' title="bbox 201 1861 1479 1930; baseline 0.003 -24"><span class='ocrx_word' id='word_1_132' title='bbox 201 1861 357 1927; x_wconf 87' lang='lat' dir='ltr'><strong><em>facere</em></strong></span> <span class='ocrx_word' id='word_1_133' title='bbox 385 1866 429 1909; x_wconf 86' lang='lat' dir='ltr'><strong><em>in</em></strong></span> <span class='ocrx_word' id='word_1_134' title='bbox 454 1861 720 1925; x_wconf 67' lang='lat' dir='ltr'><strong><em>gravissimis</em></strong></span> <span class='ocrx_word' id='word_1_135' title='bbox 755 1865 915 1910; x_wconf 63' lang='lat' dir='ltr'><strong><em>delictis</em></strong></span> <span class='ocrx_word' id='word_1_136' title='bbox 942 1869 1152 1930; x_wconf 87' lang='lat' dir='ltr'><strong><em>patiatur.</em></strong></span> <span class='ocrx_word' id='word_1_137' title='bbox 1186 1866 1245 1912; x_wconf 85' lang='lat' dir='ltr'><strong><em>Id</em></strong></span> <span class='ocrx_word' id='word_1_138' title='bbox 1269 1866 1380 1928; x_wconf 81' lang='lat' dir='ltr'><strong><em>quod</em></strong></span> <span class='ocrx_word' id='word_1_139' title='bbox 1407 1862 1479 1910; x_wconf 78' lang='lat' dir='ltr'><strong><em>de-</em></strong></span> 
     </span>
     <span class='ocr_line' id='line_1_25' title="bbox 217 1926 1481 1992; baseline 0.003 -22"><span class='ocrx_word' id='word_1_140' title='bbox 217 1926 355 1972; x_wconf 88' lang='lat' dir='ltr'><strong><em>bemus</em></strong></span> <span class='ocrx_word' id='word_1_141' title='bbox 379 1929 423 1974; x_wconf 87' lang='lat' dir='ltr'><strong><em>in</em></strong></span> <span class='ocrx_word' id='word_1_142' title='bbox 451 1928 516 1973; x_wconf 77' lang='lat' dir='ltr'><strong><em>his</em></strong></span> <span class='ocrx_word' id='word_1_143' title='bbox 550 1929 660 1974; x_wconf 88' lang='lat' dir='ltr'><strong><em>ludis</em></strong></span> <span class='ocrx_word' id='word_1_144' title='bbox 684 1928 910 1992; x_wconf 81' lang='lat' dir='ltr'><strong><em>diligenter</em></strong></span> <span class='ocrx_word' id='word_1_145' title='bbox 942 1947 1196 1991; x_wconf 84' lang='lat' dir='ltr'><strong><em>cognoscere.</em></strong></span> <span class='ocrx_word' id='word_1_146' title='bbox 1224 1930 1300 1974; x_wconf 88' lang='lat' dir='ltr'><strong><em>Ita</em></strong></span> <span class='ocrx_word' id='word_1_147' title='bbox 1338 1932 1381 1974; x_wconf 91' lang='lat' dir='ltr'><strong><em>in</em></strong></span> <span class='ocrx_word' id='word_1_148' title='bbox 1418 1947 1481 1974; x_wconf 82' lang='lat' dir='ltr'><strong><em>se·-</em></strong></span> 
     </span>
     <span class='ocr_line' id='line_1_26' title="bbox 217 1993 1482 2058; baseline 0.002 -22"><span class='ocrx_word' id='word_1_149' title='bbox 217 1994 288 2036; x_wconf 77' lang='lat' dir='ltr'><strong><em>ria</em></strong></span> <span class='ocrx_word' id='word_1_150' title='bbox 330 1993 457 2036; x_wconf 87' lang='lat' dir='ltr'><strong><em>etiam</em></strong></span> <span class='ocrx_word' id='word_1_151' title='bbox 490 1993 558 2037; x_wconf 88' lang='lat' dir='ltr'><strong><em>illi</em></strong></span> <span class='ocrx_word' id='word_1_152' title='bbox 588 1993 741 2038; x_wconf 88' lang='lat' dir='ltr'><strong><em>ducent</em></strong></span> <span class='ocrx_word' id='word_1_153' title='bbox 781 2010 875 2038; x_wconf 89' lang='lat' dir='ltr'><strong><em>cum</em></strong></span> <span class='ocrx_word' id='word_1_154' title='bbox 904 1995 1048 2058; x_wconf 73' lang='lat' dir='ltr'><strong><em>aliqua</em></strong></span> <span class='ocrx_word' id='word_1_155' title='bbox 1082 1995 1272 2041; x_wconf 83' lang='lat' dir='ltr'><strong><em>utilitate</em></strong></span> <span class='ocrx_word' id='word_1_156' title='bbox 1306 2005 1482 2042; x_wconf 86' lang='lat' dir='ltr'><strong><em>nostra,</em></strong></span> 
     </span>
     <span class='ocr_line' id='line_1_27' title="bbox 217 2055 1485 2123; baseline 0.002 -23"><span class='ocrx_word' id='word_1_157' title='bbox 217 2068 295 2101; x_wconf 84' lang='lat' dir='ltr'><strong><em>etc.</em></strong></span> <span class='ocrx_word' id='word_1_158' title='bbox 321 2055 394 2100; x_wconf 83' lang='lat' dir='ltr'><strong><em>Ad</em></strong></span> <span class='ocrx_word' id='word_1_159' title='bbox 411 2073 511 2101; x_wconf 88' lang='lat' dir='ltr'><strong><em>rem.</em></strong></span> <span class='ocrx_word' id='word_1_160' title='bbox 551 2057 605 2103; x_wconf 88' lang='lat' dir='ltr'><strong><em>In</em></strong></span> <span class='ocrx_word' id='word_1_161' title='bbox 631 2057 708 2101; x_wconf 80' lang='lat' dir='ltr'><strong><em>hac</em></strong></span> <span class='ocrx_word' id='word_1_162' title='bbox 729 2056 915 2119; x_wconf 80' lang='lat' dir='ltr'><strong><em>fabula,</em></strong></span> <span class='ocrx_word' id='word_1_163' title='bbox 944 2059 1106 2103; x_wconf 87' lang='lat' dir='ltr'><strong><em>volente</em></strong></span> <span class='ocrx_word' id='word_1_164' title='bbox 1136 2069 1177 2102; x_wconf 88' lang='lat' dir='ltr'><strong><em>et</em></strong></span> <span class='ocrx_word' id='word_1_165' title='bbox 1200 2057 1375 2123; x_wconf 87' lang='lat' dir='ltr'><strong><em>jubente</em></strong></span> <span class='ocrx_word' id='word_1_166' title='bbox 1397 2075 1485 2121; x_wconf 80' lang='lat' dir='ltr'><strong><em>pa-</em></strong></span> 
     </span>
     <span class='ocr_line' id='line_1_28' title="bbox 221 2120 1486 2185; baseline 0.001 -19"><span class='ocrx_word' id='word_1_167' title='bbox 221 2134 285 2166; x_wconf 88' lang='lat' dir='ltr'><strong><em>tre</em></strong></span> <span class='ocrx_word' id='word_1_168' title='bbox 301 2154 316 2166; x_wconf 80' lang='lat'><em>‚</em></span> <span class='ocrx_word' id='word_1_169' title='bbox 342 2133 566 2179; x_wconf 86' lang='lat' dir='ltr'><strong><em>argentum</em></strong></span> <span class='ocrx_word' id='word_1_170' title='bbox 584 2138 609 2165; x_wconf 90' lang='lat' dir='ltr'><strong><em>a</em></strong></span> <span class='ocrx_word' id='word_1_171' title='bbox 631 2137 674 2165; x_wconf 92' lang='lat' dir='ltr'><strong><em>se</em></strong></span> <span class='ocrx_word' id='word_1_172' title='bbox 699 2120 917 2184; x_wconf 77' lang='lat' dir='ltr'><strong><em>aufertur,</em></strong></span> <span class='ocrx_word' id='word_1_173' title='bbox 942 2122 1053 2183; x_wconf 81' lang='lat' dir='ltr'><strong><em>quod</em></strong></span> <span class='ocrx_word' id='word_1_174' title='bbox 1077 2122 1202 2167; x_wconf 87' lang='lat' dir='ltr'><strong><em>detur</em></strong></span> <span class='ocrx_word' id='word_1_175' title='bbox 1209 2122 1312 2185; x_wconf 82' lang='lat' dir='ltr'><strong><em>filio</em></strong></span> <span class='ocrx_word' id='word_1_176' title='bbox 1334 2138 1486 2167; x_wconf 84' lang='lat' dir='ltr'><strong><em>aman-</em></strong></span> 
     </span>
     <span class='ocr_line' id='line_1_29' title="bbox 219 2185 1496 2249; baseline 0.001 -19"><span class='ocrx_word' id='word_1_177' title='bbox 219 2187 255 2230; x_wconf 70' lang='lat' dir='ltr'><strong><em>ti</em></strong></span> <span class='ocrx_word' id='word_1_178' title='bbox 269 2203 282 2227; x_wconf 88' lang='grc'><strong><em>.-</em></strong></span> <span class='ocrx_word' id='word_1_179' title='bbox 307 2199 356 2227; x_wconf 83' lang='grc' dir='ltr'><strong><em>εα</em></strong></span> <span class='ocrx_word' id='word_1_180' title='bbox 388 2185 502 2244; x_wconf 84' lang='lat' dir='ltr'><strong><em>lege.</em></strong></span> <span class='ocrx_word' id='word_1_181' title='bbox 522 2196 570 2229; x_wconf 81' lang='lat' dir='ltr'><strong><em>ut</em></strong></span> <span class='ocrx_word' id='word_1_182' title='bbox 584 2185 714 2247; x_wconf 85' lang='lat' dir='ltr'><strong><em>filius</em></strong></span> <span class='ocrx_word' id='word_1_183' title='bbox 734 2188 859 2249; x_wconf 84' lang='lat' dir='ltr'><strong><em>patri</em></strong></span> <span class='ocrx_word' id='word_1_184' title='bbox 879 2186 994 2249; x_wconf 85' lang='lat' dir='ltr'><strong><em>apud</em></strong></span> <span class='ocrx_word' id='word_1_185' title='bbox 1022 2189 1202 2231; x_wconf 85' lang='lat' dir='ltr'><strong><em>amicam</em></strong></span> <span class='ocrx_word' id='word_1_186' title='bbox 1235 2186 1370 2231; x_wconf 83' lang='lat' dir='ltr'><strong><em>locum</em></strong></span> <span class='ocrx_word' id='word_1_187' title='bbox 1400 2203 1496 2231; x_wconf 88' lang='lat' dir='ltr'><strong><em>esse-</em></strong></span> 
     </span>
     <span class='ocr_line' id='line_1_30' title="bbox 214 2248 1486 2316; baseline 0.003 -23"><span class='ocrx_word' id='word_1_188' title='bbox 214 2251 423 2316; x_wconf 73' lang='lat' dir='ltr'><strong><em>patiatur.</em></strong></span> <span class='ocrx_word' id='word_1_189' title='bbox 452 2248 638 2311; x_wconf 86' lang='lat' dir='ltr'><strong><em>Mirifice</em></strong></span> <span class='ocrx_word' id='word_1_190' title='bbox 667 2262 807 2295; x_wconf 87' lang='lat' dir='ltr'><strong><em>autem</em></strong></span> <span class='ocrx_word' id='word_1_191' title='bbox 835 2250 991 2299; x_wconf 91' lang='lat' dir='ltr'><strong><em>ludunt</em></strong></span> <span class='ocrx_word' id='word_1_192' title='bbox 1021 2251 1318 2296; x_wconf 84' lang='lat' dir='ltr'><strong><em>adolescentem</em></strong></span> <span class='ocrx_word' id='word_1_193' title='bbox 1347 2253 1486 2298; x_wconf 76' lang='lat' dir='ltr'><strong><em>servi,</em></strong></span> 
     </span>
     <span class='ocr_line' id='line_1_31' title="bbox 212 2312 1500 2378; baseline 0.004 -21"><span class='ocrx_word' id='word_1_194' title='bbox 212 2325 346 2376; x_wconf 80' lang='lat' dir='ltr'><strong><em>parta</em></strong></span> <span class='ocrx_word' id='word_1_195' title='bbox 378 2313 555 2376; x_wconf 84' lang='lat' dir='ltr'><strong><em>praeda.</em></strong></span> <span class='ocrx_word' id='word_1_196' title='bbox 593 2312 653 2357; x_wconf 90' lang='lat' dir='ltr'><strong><em>Et</em></strong></span> <span class='ocrx_word' id='word_1_197' title='bbox 671 2316 785 2376; x_wconf 86' lang='lat' dir='ltr'><strong><em>finis</em></strong></span> <span class='ocrx_word' id='word_1_198' title='bbox 810 2317 996 2360; x_wconf 87' lang='lat' dir='ltr'><strong><em>continet</em></strong></span> <span class='ocrx_word' id='word_1_199' title='bbox 1019 2315 1261 2378; x_wconf 83' lang='lat' dir='ltr'><strong><em>pudendam</em></strong></span> <span class='ocrx_word' id='word_1_200' title='bbox 1289 2317 1500 2362; x_wconf 53' lang='lat' dir='ltr'><strong><em>crimina«</em></strong></span> 
     </span>
     <span class='ocr_line' id='line_1_32' title="bbox 224 2377 1333 2428; baseline 0.004 -7"><span class='ocrx_word' id='word_1_201' title='bbox 224 2378 374 2426; x_wconf 76' lang='lat' dir='ltr'><strong><em>tionem</em></strong></span> <span class='ocrx_word' id='word_1_202' title='bbox 400 2379 572 2428; x_wconf 67' lang='lat' dir='ltr'><strong><em>uxoris.</em></strong></span> <span class='ocrx_word' id='word_1_203' title='bbox 601 2377 813 2427; x_wconf 84' lang='lat' dir='ltr'><strong><em>educentis</em></strong></span> <span class='ocrx_word' id='word_1_204' title='bbox 830 2395 851 2424; x_wconf 89' lang='lat' dir='ltr'><strong><em>e</em></strong></span> <span class='ocrx_word' id='word_1_205' title='bbox 869 2379 1002 2428; x_wconf 87' lang='lat' dir='ltr'><strong><em>lustro</em></strong></span> <span class='ocrx_word' id='word_1_206' title='bbox 1031 2381 1169 2427; x_wconf 78' lang='lat' dir='ltr'><strong><em>virum</em></strong></span> <span class='ocrx_word' id='word_1_207' title='bbox 1191 2396 1333 2425; x_wconf 71' lang='lat' dir='ltr'><strong><em>suum„</em></strong></span> 
     </span>
    </p>
   </div>
   <div class='ocr_carea' id='block_1_6' title="bbox 1158 2453 1349 2512">
    <p class='ocr_par' dir='ltr' id='par_1_6' title="bbox 1158 2453 1349 2512">
     <span class='ocr_line' id='line_1_33' title="bbox 1158 2453 1349 2512; baseline 0 -10"><span class='ocrx_word' id='word_1_208' title='bbox 1158 2453 1349 2512; x_wconf 7' lang='lat' dir='ltr'><strong><em>H3c·</em></strong></span> 
     </span>
    </p>
   </div>
  </div>
 </body>
</html>
