1650 2826
264 178 349 225 192
633 142 1172 212 ASINARIA.
1401 186 1539 232 v.32

583 282 619 315 A
654 285 687 317 R
726 285 756 317 G
795 285 829 317 Y
865 287 897 319 R
933 287 953 319 1
990 288 1017 320 P
1056 290 1084 322 P
1122 290 1157 322 U
1193 289 1231 324 s.

261 355 399 427 Quid
425 357 560 404 modi
576 394 589 417 ‚
617 372 750 421 pater
766 395 779 417 ,
800 362 1105 422 amplexandi
1130 364 1298 411 facies?

577 464 613 497 1)
649 464 680 496 Ε
716 463 759 496 Μ
794 464 828 496 A
856 466 892 497 Ε
929 467 961 499 N
998 468 1028 500 E
1066 470 1097 502 T
1133 470 1168 502 U
1204 470 1243 503 s.

1077 539 1244 584 Fateor
1259 572 1273 595 ,
1297 548 1437 603 gnate
1456 540 1550 585 mi.‘

573 636 1226 673 ARGYRIPPUS.

257 707 590 780 Quidfatere?

547 802 1217 847 DEMAENET0US.

514 874 597 922 Me
617 891 676 920 ex
694 891 855 921 amore
873 877 1013 940 hujus
1033 888 1326 939 conruptum
1344 878 1539 941 oppido.

611 977 640 1010 P
675 979 710 1009 A
746 979 780 1011 R
814 978 850 1010 A
887 978 908 1012 s
943 979 965 1010 1
1004 979 1107 1027 Τ-ῐ]
1143 981 1183 1014 s.

257 1048 434 1095 Audin’
446 1082 462 1107 2
484 1047 606 1110 quid
621 1047 721 1093 ait?

626 1150 662 1183 A
698 1150 732 1182 R
768 1148 799 1181 T
834 1149 866 1181 E
901 1148 944 1182 M
981 1148 1014 1182 O
1051 1148 1084 1182 N
1119 1148 1169 1181 A.

610 1217 785 1264 Audio.

578 1315 1248 1350 DEMAENETUS.

710 1392 859 1456 Egon'
882 1403 937 1437 ut
959 1408 1060 1438 non
1080 1391 1229 1438 domo
1250 1394 1387 1440 uxori
1405 1378 1538 1442 rheae

254 1469 510 1530 Surripiam
535 1468 586 1513 in
612 1467 786 1512 deliciis
815 1468 990 1528 pallam
1015 1483 1162 1528 quam
1191 1468 1361 1527 habet,
1390 1481 1536 1532 atque

507 1543 569 1589 ad
596 1554 644 1588 te
677 1542 917 1587 deferam?

254 1618 369 1664 Non
394 1618 568 1687 eldepol
596 1616 802 1663 conduci
821 1633 1016 1678 possum
1038 1617 1135 1663 vita
1153 1617 1311 1663 uxoris
1332 1627 1502 1664 annua.

619 1723 647 1755 P
684 1722 718 1754 A
753 1723 786 1755 R
823 1721 857 1754 A
895 1721 917 1754 S
954 1722 973 1753 I
1012 1722 1042 1753 T
1081 1721 1115 1753 U
1153 1722 1190 1754 S.

259 1795 455 1840 Censen’
471 1805 527 1839 tu
543 1795 682 1838 illurn
703 1791 847 1837 hodie
865 1792 1078 1852 primum
1104 1791 1170 1836 ite
1192 1800 1427 1836 assuetum
1447 1804 1539 1834 esse

505 1866 557 1911 in
582 1863 823 1929 ganeum?

626 1969 661 2015 A
696 1970 729 2002 R
766 1968 797 2000 T
832 1967 862 2000 E
899 1967 942 1999 Μ
977 1967 1010 1999 0
1046 1965 1080 1999 N
1118 1965 1166 1998 A.

252 2044 340 2089 Ille
368 2052 543 2088 ecastor
562 2041 829 2103 suppilabat
845 2056 924 2085 me
940 2074 955 2096 ‚
982 2038 1119 2100 quod
1139 2037 1475 2102 ancillasmeaq

254 2115 553 2177 Suspicabar,
575 2125 721 2175 atque
741 2112 936 2159 insontis
961 2112 1144 2156 miseras
1167 2109 1445 2156 cruciabam.

559 2207 1209 2246 ARGYRIPPUS.

1366 2264 1531 2321 Pater,

247 2342 375 2403 Jube
396 2342 505 2387 dare
527 2342 697 2387 vinum
717 2360 728 2391 ;
751 2340 1044 2404 jamdudum
1077 2339 1255 2386 factum
1273 2338 1326 2383 ’st
1340 2371 1355 2394 ,
1380 2353 1534 2397 quom

503 2415 712 2474 primum
739 2414 852 2460 bibi.
