1650 2826
208 216 301 276 5&
466 211 1222 261 CISTELLARIA
1385 231 1478 274 my

208 321 480 370 Cistellam?
511 323 595 368 ubi
625 338 678 367 ea
702 322 759 374 sit
776 357 788 379 ,
813 323 968 368 nescio
990 341 999 367 :
1024 323 1136 380 nisi,
1159 333 1216 368 ut
1243 324 1439 384 opinor'‚

208 396 338 443 Loca
363 395 476 439 haec
506 394 683 439 circiter
706 394 879 439 excidit
906 394 1037 439 mihi.
1068 395 1137 439 mi
1159 395 1403 453 homines,

208 469 281 516 Mi
317 478 620 528 spectatores,
653 467 788 513 facite
818 468 1075 525 indicium,
1108 469 1143 515 si
1174 468 1279 529 quis

207 541 344 587 Vidit
361 576 373 597 ‚
401 541 434 586 si
467 541 571 602 quis
602 558 704 587 eam
733 542 1002 600 abstulerit,
1029 544 1192 604 quisve

208 614 460 661 Sustulerit
476 649 489 672 ‚
517 625 564 660 et
592 626 755 660 utrum
781 616 867 660 hac
892 632 951 660 an
980 616 1083 662 illac
1115 615 1202 662 iter
1223 616 1451 662 institerit.

207 686 324 740 Non
346 686 659 744 sum'scitior,
685 703 807 747 quae
834 688 919 733 hos
947 705 1137 752 rogem,
1163 699 1244 734 aut
1269 705 1392 749 quae
1418 689 1485 735 fa-

462 771 610 823 tlgem
626 794 639 816 ,

210 834 319 904 Qui
349 849 531 894 semper
558 833 685 878 malo
715 832 935 878 muliebri
959 843 1068 878 sunt
1093 832 1323 879 lubentes.

210 906 355 952 Nunc
381 906 573 969 vestigia
601 905 678 950 hic
709 905 744 949 si
777 922 872 965 qua
904 916 1038 962 sunt,
1070 905 1324 951 noscitabo.

209 981 335 1026 Nam
373 979 410 1025 si
444 994 590 1023 nemo
626 978 713 1023 hac
743 977 1006 1037 praeteriit,
1042 988 1298 1038 postquam
1329 978 1453 1024 intro

465 1049 588 1104 abii,

212 1123 402 1170 Cistella
420 1120 499 1166 hic
511 1122 697 1183 jaceret.
726 1120 848 1180 quid
863 1154 875 1175 ‚
895 1120 1004 1164 hic?
1033 1119 1197 1180 periit,
1217 1121 1401 1181 opinor.

213 1196 393 1242 Actum
419 1193 510 1238 est!
537 1192 663 1237 ilicet
689 1208 767 1236 me
797 1191 1034 1237 infelicem
1061 1202 1108 1237 et
1129 1193 1380 1239 scelestam.

211 1267 357 1316 Nulla
384 1265 475 1315 est!
507 1281 668 1325 neque
695 1280 782 1328 ego
809 1281 915 1314 sum
940 1281 1156 1325 usquam.
1178 1265 1363 1326 perdita
1382 1283 1492 1330 per-7

468 1335 589 1381 didit
620 1352 712 1381 me.

212 1411 309 1458 Sed
329 1426 523 1472 pergam
540 1443 552 1466 ‚
578 1419 633 1454 ut
662 1409 821 1469 coepi,
849 1418 1042 1454 tamen:
1070 1410 1361 1469 quaeritabo.

212 1485 338 1531 Nam
362 1494 410 1529 et
431 1483 558 1529 intus
575 1498 754 1543 paveo,
777 1492 824 1528 et
847 1482 955 1528 foris
977 1482 1184 1529 formido
1206 1502 1215 1528 :
1244 1483 1307 1529 ita
1326 1500 1458 1529 nunc

211 1557 483 1623 Utrobique
514 1573 592 1601 me
624 1567 779 1602 metus
813 1557 984 1620 agitat:
1021 1557 1104 1602 illo
1137 1567 1248 1603 sunt
1275 1557 1495 1608 homines

423 1644 433 1666 r
466 1645 632 1675 misere

213 1703 384 1752 Miseri.
414 1703 494 1749 ille
521 1720 654 1754 nunc
680 1705 829 1750 laetus
856 1713 949 1760 est,
979 1702 1191 1764 quisquis
1213 1713 1304 1761 est,
1328 1703 1414 1764 qui
1434 1704 1491 1749 il-

466 1779 559 1824 lam
588 1767 762 1824 habet:
870 1785 872 1787 '

215 1853 356 1922 Quae
374 1867 536 1911 neque
554 1851 632 1896 illa
653 1851 721 1896 illi
740 1850 1009 1911 quidquam
1029 1851 1135 1896 usui
1153 1851 1231 1896 ’st:
1258 1849 1378 1898 mihi
1399 1866 1490 1894 esse

472 1935 644 1985 potest,

212 1997 311 2046 Sed
340 2008 520 2043 memet
543 2013 704 2043 moror
719 2029 733 2052 ‚
763 2011 917 2056 quom
941 1996 1034 2042 hoc
1058 2011 1144 2059 ago
1169 1990 1326 2041 secius.

214 2067 399 2117 Halisca
414 2102 427 2124 ,
451 2068 544 2113 hoc
571 2084 681 2131 age:
711 2066 771 2111 ad
800 2077 970 2111 terram
997 2068 1177 2128 aspice,
1198 2077 1247 2113 et
1272 2065 1476 2127 dispice:⁴

217 2141 382 2193 Oculis¹
409 2141 688 2206 investigans
717 2150 867 2191 astute
898 2157 1085 2204 augura.

508 2239 1216 2274 LAMPADISCUS.

1129 2310 1268 2360 Hera,

489 2392 1217 2431 PHANOSTRATA„

216 2461 371 2522 Hem,
404 2462 524 2527 quid
555 2462 660 2560 est?
