1650 2826
225 211 357 252 xxn

540 204 604 253 M.
670 203 875 254 ACCI
934 203 1259 256 PLAUTI

419 325 761 378 terpretantem
793 316 1030 368 audierat,
1063 317 1240 364 deinde
1278 317 1506 378 antiquis-

421 382 546 428 simis
562 381 881 428 Bibliothecae
902 382 1157 433 Palatinae;
1179 395 1224 428 et
1243 383 1340 444 ipse
1365 383 1508 440 dicit,

420 447 610 494 nullum
636 463 728 492 esse
751 463 902 508 prope
919 448 1206 505 versiculum
1225 447 1323 493 sine
1350 448 1508 509 aliqua

422 511 760 560 emendatione
789 528 880 558 sua.
911 512 1122 574 Operam
1150 513 1246 576 ejus
1272 512 1321 557 in
1339 513 1509 558 Plauto

419 587 639 624 navatam
671 576 842 622 eximie
876 576 1037 623 laudat
1066 577 1226 623 Dousa
1264 577 1507 637 ‚Ex-planat.

421 641 575 688 Plaut.
589 658 692 705 pag.
713 643 815 687 108.
838 642 1059 688 Ceterum
1078 643 1191 688 haec
1211 643 1355 688 editio
1376 657 1510 703 prae-

421 706 517 752 fixa
531 706 674 753 habet
690 707 733 768 1)
747 707 1046 768 prooemium
1065 708 1123 752 de
1138 709 1247 753 edit.
1262 718 1310 752 et
1322 706 1508 752 emend.

419 770 549 817 fabb.
584 772 908 817 Plautinarum
940 772 999 817 ad
1028 771 1198 828 Georg.
1241 772 1355 816 Frid.
1384 772 1508 816 Mar—

420 836 647 883 chionem
671 836 1024 901 Brandenburg.
1049 829 1373 889 Onoldinum⁴¹
1398 853 1508 896 pue-

421 918 531 948 rum
559 913 664 948 tum
694 902 814 947 XIII
843 917 914 948 an.
947 905 991 964 Q)
1025 902 1326 963 prooemium
1360 901 1507 962 (sabb.

421 965 471 1012 V
486 981 503 1010 1
513 983 570 1025 54
579 983 603 1025 5
623 966 757 1012 editis
770 967 1072 1028 praemissum
1084 967 1145 1013 ad
1160 967 1373 1012 illustriss.
1392 982 1508 1027 pue-

421 1047 498 1077 ros
526 1031 561 1075 F
563 1047 686 1076 rane.
716 1032 955 1078 Ottonem
981 1043 1029 1078 et
1061 1032 1183 1078 Frid.
1215 1031 1397 1085 fratres,
1424 1031 1507 1076 Er-

420 1097 543 1142 nesti
555 1096 590 1141 F
592 1096 628 1141 F
631 1132 641 1142 .
652 1097 801 1144 Princ.
813 1097 1051 1143 Brunsvic.
1067 1109 1152 1143 etc.
1175 1098 1223 1159 3)
1237 1096 1347 1142 dein
1367 1096 1509 1156 ipsius

422 1160 524 1206 dise.
553 1161 615 1207 de
643 1162 928 1208 carminibus
955 1163 1172 1209 Cornicis.
1198 1162 1382 1208 Fabulis
1413 1161 1508 1205 sin-

421 1226 559 1290 gulis,
576 1243 777 1287 quarum
791 1227 1045 1274 lectionem
1062 1219 1392 1274 emendaverat
1403 1260 1415 1280 ,
1428 1225 1510 1270 ad-

409 1292 566 1356 jectae
591 1303 702 1337 sunt
723 1303 889 1349 notae,
921 1293 1050 1338 haud
1072 1292 1269 1354 quidem
1288 1290 1511 1336 ambitio-

421 1372 496 1412 se,
520 1356 603 1402 sed
630 1357 836 1418 breviter
866 1368 913 1403 et
944 1369 1155 1404 accurate
1185 1357 1391 1418 scriptae.
1424 1355 1511 1399 Fa-

422 1420 559 1466 bulas
591 1422 825 1468 claudunt
847 1421 1095 1471 Cameratii
1124 1421 1222 1469 obs.
1241 1420 1509 1467 brevissima

421 1485 486 1535 de
509 1485 678 1532 fabulis
703 1487 889 1544 amissis,
915 1488 1112 1552 ejusque
1135 1503 1209 1548 ep.
1221 1485 1507 1532 dedicatoria

421 1548 493 1596 Vl
523 1549 650 1597 sabb.
675 1551 736 1597 ad
760 1552 797 1598 F
799 1567 919 1598 rane.
950 1551 1244 1598 Crammium
1271 1551 1509 1612 (equitem

420 1613 688 1679 Brunsvic.)
717 1618 979 1678 praemissa,
1005 1628 1055 1663 et
1076 1616 1227 1677 privil.
1246 1616 1418 1663 Caesar.
1434 1631 1508 1661 an.

425 1694 446 1725 1
457 1698 482 1738 5
490 1682 549 1740 38
566 1700 577 1731 ;
602 1691 650 1726 at
665 1698 788 1740 quae
806 1682 849 1727 ei
867 1682 917 1726 in
935 1681 1228 1727 Bibliotheca
1244 1681 1281 1725 F
1281 1679 1511 1727 abriciana

418 1745 605 1807 adjecta
632 1745 862 1791 dicuntur
878 1745 1139 1808 fragmenta
1151 1779 1164 1802 ,
1184 1761 1210 1790 a
1234 1745 1404 1807 Georg.
1423 1744 1509 1790 Fa-

419 1808 571 1855 bricio
613 1810 809 1855 collecta
827 1844 840 1865 ,
876 1825 978 1854 non
1017 1810 1160 1854 habet
1198 1819 1323 1854 certe
1359 1808 1508 1854 editio

418 1873 565 1929 haec,
590 1873 640 1918 in
685 1873 816 1937 cujus
851 1873 1100 1934 prooemio
1128 1883 1289 1919 tamen
1326 1884 1508 1934 praeter
1543 1914 1551 1919 .

418 1937 577 1984 Codd.
617 1937 827 1983 duorum
861 1937 1147 1984 adminicula
1186 1948 1312 2003 grate
1343 1937 1505 1984 laudat

420 2002 683 2066 Georgium
698 2002 990 2060 Fabricium,
1016 2003 1152 2064 quod
1166 2019 1305 2049 suum
1326 2002 1506 2049 librum

419 2068 657 2115 benevole
682 2068 1045 2116 communicarit
1060 2103 1072 2124 ‚
1102 2067 1152 2112 in
1169 2083 1318 2129 quem
1337 2067 1371 2112 is
1388 2083 1506 2113 con-

421 2143 632 2196 gesserat,
645 2131 888 2193 quidquid
895 2132 1169 2193 perquirere
1179 2130 1501 2194 potuit‚quod

419 2196 482 2242 ad
501 2195 626 2241 fabb.
646 2208 744 2247 tam
759 2197 1159 2255 emendationem,
1190 2213 1333 2258 quam
1352 2196 1504 2257 expli-

418 2260 670 2317 cationem,
686 2262 966 2322 pertinerem
991 2273 1142 2308 cetera
1165 2262 1324 2308 omnia
1353 2260 1499 2305 studii

416 2325 491 2372 sui
502 2341 595 2370 esse
614 2326 872 2372 confirmat.
885 2327 1173 2387 Exemplum
1185 2327 1322 2390 hujus
1341 2324 1495 2369 ed.est

416 2405 563 2452 penes
592 2389 665 2434 Fr.
685 2390 793 2436 Chr.
813 2391 1045 2439 Exterum
1073 2390 1198 2439 Prof.
1229 2400 1278 2440 et
1306 2387 1496 2437 inBibl.

420 2453 602 2519 Gymn.
630 2453 886 2518 Bipontini.
