1650 2826
230 144 348 242 ¹:64
616 175 1147 224 ASINARIA.
1249 181 1254 184 '
1394 194 1522 244 παρῇς

252 295 347 341 Ubi
379 293 635 356 prehensus
670 292 722 339 in
758 291 886 339 furto
919 292 1001 338 sies
1015 328 1029 351 ‚
1061 305 1109 341 et
1141 293 1390 342 manifesto
1423 313 1527 343 ver—

500 369 713 415 beratus:

246 441 344 491 Ubi
371 442 641 507 perjurariSt
672 440 759 488 ubi
781 456 905 496 sacro
928 457 1097 489 manus
1122 442 1178 488 sis
1204 441 1488 489 admolitus-:

241 518 341 564 <Ubi
368 517 488 563 heris
523 517 727 574 damno,
751 516 1024 573 molestiae,
1056 526 1104 561 et
1138 515 1359 562 dedecori
1385 530 1522 579 saepe

498 587 662 635 fueris:

246 664 341 712 Ubi
363 664 597 711 creditum
632 661 769 724 quod
795 662 852 707 sit
868 695 882 718 ‚
911 661 1000 708 tibi
1025 661 1192 709 datum
1224 680 1318 710 esse
1350 681 1521 726 perne·-

503 751 642 799 gans:

246 808 343 857 Ubi
359 809 551 865 amicae,
569 823 715 868 quam
735 807 886 852 amico
903 817 1008 864 tuo,
1028 806 1167 853 fueris
1183 809 1326 873 magis
1344 811 1516 856 fidelis:

242 879 339 930 Ubi
363 899 497 944 saepe
526 881 586 927 ad
608 883 884 945 languorem
905 892 985 926 tua
1012 881 1182 927 duritia
1207 882 1386 929 dederis
1410 895 1520 930 octo

242 955 436 1003 Validos
466 954 649 1000 lictores
667 987 680 1010 ‚
707 952 875 997 ulmeis
902 951 1087 998 affectos
1114 953 1249 998 lentis
1272 954 1420 1019 virgis.

239 1028 376 1074 Num
409 1028 532 1072 male
566 1025 708 1069 relata
730 1023 785 1069 'st
813 1022 991 1087 grat-ia?
1031 1035 1086 1070 ut
1124 1027 1371 1090 conlegam
1402 1042 1517 1071 con-

493 1095 707 1142 laudavi!

653 1192 1101 1230 LEO'NIDA.

237 1280 304 1327 Ut
332 1292 511 1339 meque
530 1285 678 1336 teque
706 1285 932 1319 maxume
964 1283 1108 1334 atque
1129 1273 1327 1345 ingen-io
1351 1287 1512 1324 nostro

494 1347 668 1394 decuit.

655 1450 685 1482 Ι,
722 1450 743 1482 1
779 1449 807 1482 Β
842 1449 876 1482 Α
908 1450 944 1483 N
979 1451 1015 1483 U
1051 1446 1087 1483 s.
1135 1476 1137 1479 .

222 1526 260 1586 J
261 1542 336 1572 am
351 1525 521 1572 omitte
536 1523 621 1569 ista
633 1557 646 1580 ,
661 1532 808 1583 atque
823 1522 916 1567 hoc
931 1522 1066 1582 quod
1078 1511 1195 1587 rogo
1211 1523 1456 1584 responde.

618 1621 676 1654 -L
710 1620 742 1654 Ε
779 1621 811 1654 o
847 1622 881 1655 N
915 1622 935 1654 1
972 1623 1008 1656 D
1043 1623 1091 1656 A.

1090 1698 1261 1762 Rogita
1274 1697 1412 1758 quod
1428 1697 1506 1744 vis.

652 1794 682 1827 L
718 1796 740 1828 1
775 1796 804 1828 B
839 1795 874 1827 A
908 1796 941 1828 N
970 1796 1005 1828 U
1041 1796 1078 1829 s.

228 1870 424 1936 Argenti
440 1871 610 1936 viginti
627 1871 775 1917 minas
793 1871 997 1918 habesne
1011 1872 1033 1916 Ρ

629 1973 668 2007 Ι..
703 1973 733 2006 E
767 1973 802 2005 Ο
839 1973 872 2006 N
906 1973 928 2005 1
963 1975 999 2007 D
1034 1974 1083 2007 A„

1091 2030 1341 2078 Hariolare.

223 2105 408 2168 Edepol
423 2122 583 2152 senem
599 2106 952 2152 Demaenetum
965 2105 1181 2168 lepidum
1197 2104 1333 2152 fuisse
1347 2105 1494 2152 nobis,

223 2177 288 2223 Ut
323 2179 617 2224 assimulabat
644 2177 864 2224 Sauream
888 2179 1003 2223 med
1021 2195 1139 2236 esse,
1159 2195 1305 2238 quam
1321 2177 1468 2223 facete
1486 2178 1497 2222 !

204 2248 373 2294 'Nimis
394 2267 527 2314 aegre
550 2251 696 2296 risum
723 2250 970 2308 continui,
990 2251 1074 2298 ubi
1093 2249 1328 2312 hospitem
1354 2249 1515 2295 incla-'

473 2326 621 2371 mavit
636 2360 649 2382 ,

220 2393 373 2464 Quod
395 2411 441 2439 se
460 2395 651 2443 absente
678 2397 804 2442 mihi·
820 2391 969 2443 fidem'
987 2392 1159 2442 habere
1178 2395 1415 2442 noluisset.

218 2466 284 2514 Ut
305 2467 576 2530 memoriter
607 2485 687 2516 me
719 2468 940 2519 Sauream
969 2467 1167 2514 vocabat
1189 2467 1458 2516 atriensem!
