1650 2826
103 200 232 251 ωε
381 168 1097 246 Ac‘rth‘11.sc.1v.
1283 209 1378 258 30⁷,

102 310 282 372 Negare
311 323 357 353 se
386 306 557 352 debere
588 303 675 350 tibi
704 302 982 348 triobulum.

106 383 350 429 Continuo
376 381 630 440 antiquom
658 378 894 440 hospitem
923 388 1136 423 nostrum
1160 378 1249 424 sibi

104 456 420 502 Mnesilochus
448 453 695 504 advocavit
711 487 724 509 ,
748 453 1033 515 Pelagonem
1057 467 1216 496 senem
1236 470 1246 496 z

104 528 176 575 Eo
206 536 444 588 praesente
478 525 664 571 homini
703 525 946 585 extemplo
992 523 1197 576 ostendit
1234 539 1363 586 sym-

351 597 548 654 bolum,
1368 610 1386 629 ·

106 671 269 741 Quem
307 681 411 716 tute
444 670 662 727 dederas,
691 669 751 715 ad
778 686 889 715 eum
923 680 979 714 ut
1006 667 1173 727 ferret,
1202 669 1314 715 filio.

450 771 481 803 N
521 771 541 803 1
578 771 604 802 c
641 771 672 802 o
709 770 737 801 Β
774 769 808 801 U
844 770 873 802 L
912 770 946 801 U
985 769 1022 803 s.

106 842 241 913 Quid
258 877 272 901 ,
299 842 386 889 ubi
413 843 456 889 ei
485 842 690 888 ostendit
718 841 1030 904 symbolum?

446 936 1022 971 CHRY=SALUS.

1060 997 1172 1043 Infit
1197 997 1349 1044 dicere
1364 1012 1384 1043 z·

107 1069 471 1128 Adulterinum,
498 1082 546 1117 et
569 1087 669 1118 non
694 1087 807 1118 eum
830 1087 923 1117 esse
951 1072 1256 1137 symbolum;

100 1145 345 1214 ‘Quotque
372 1145 614 1191 innocenti
645 1147 687 1191 ei
711 1147 830 1191 dixit
854 1147 1184 1193 contumelias!

110 1217 386 1264 Adulterare
417 1235 528 1264 eum
565 1219 689 1264 aibat
717 1220 854 1265 rebus
885 1220 1057 1265 ceteris.

113 1289 339 1352 Longum
356 1289 410 1334 ’st
436 1290 666 1335 triconem
692 1292 962 1336 maleficum
991 1288 1266 1338 exornarier.

467 1387 500 1420 N
535 1389 555 1420 1
592 1389 618 1421 c
657 1389 688 1420 o
724 1385 751 1420 Β
789 1388 823 1420 U
857 1389 886 1421 L
926 1390 959 1421 U
997 1389 1034 1422 s.

115 1458 341 1506 Habetin’
359 1446 556 1506 aurum?
576 1460 626 1505 id
647 1462 767 1506 mihi
789 1462 1000 1523 primum
1019 1462 1112 1508 dici
1127 1463 1255 1509 volo.

464 1561 490 1592 C
526 1559 560 1591 H
596 1561 628 1592 R
662 1560 696 1591 Y
733 1559 755 1592 S
791 1560 826 1592 A
859 1561 889 1592 L
928 1560 963 1592 U
998 1560 1036 1594 S.

117 1632 377 1694 Postquam
396 1632 594 1694 quidem
613 1634 800 1679 Praetor
816 1646 1159 1696 recuperatores
1179 1633 1311 1680 dedit
1324 1666 1340 1693 ,

118 1705 381 1751 Damnatus
409 1704 607 1748 demum
622 1738 635 1760 ‚
658 1704 708 1750 vi
729 1715 916 1751 coactus
935 1705 1142 1750 reddidit

116 1778 359 1825 Ducentos
386 1789 432 1823 et
455 1778 584 1823 mille
611 1778 899 1839 Philippum.

465 1838 1103 1912 NICOBULUS.⁸

949 1939 1163 1984 Tantum
1191 1938 1372 1985 debuit.

464 2037 491 2070 c
526 2035 560 2068 Η
595 2037 628 2069 R
662 2037 696 2068 Y
730 2037 751 2070 s
790 2037 824 2070 A
859 2015 889 2070 r„
924 2037 959 2069 U
998 2037 1034 2071 s.

121 2110 267 2158 Porro
290 2110 428 2156 etiam
442 2113 650 2157 ausculta
666 2128 878 2175 pugnam
893 2147 907 2169 ‚
927 2129 1075 2173 quam
1095 2113 1250 2159 voluit
1269 2113 1391 2160 dare.

474 2213 507 2244 N
545 2212 563 2243 1
601 2212 626 2244 c
665 2213 695 2244 o
732 2213 758 2244 Β
797 2213 831 2246 U
866 2214 896 2246 1.
935 2213 969 2246 U
1005 2213 1042 2246 s.

68 2292 70 2295 ’
124 2284 338 2332 Etiamne
366 2297 432 2332 est
461 2286 581 2347 quid
603 2289 781 2347 porro?
1082 2347 1090 2351 Ρ

461 2384 489 2417 c
527 2385 560 2416 H
597 2384 629 2416 R
664 2385 698 2417 Y
735 2385 756 2418 s
794 2386 827 2418 A
861 2386 893 2418 Ι,
930 2386 966 2419 U
1001 2385 1038 2420 s.

484 2452 612 2498 Hem
637 2452 793 2514 accipe
813 2472 823 2499 :
851 2454 970 2501 trina
988 2456 1265 2566 haecdmnc
1292 2457 1391 2504 erit.

1175 2536 1199 2570 2
