1650 2826
260 217 344 264 182
622 212 1159 263 ASINARIA.
1447 221 1541 267 v.6

593 335 623 370 P
661 336 695 369 A
731 337 764 370 R
800 336 834 369 A
872 336 893 369 S
932 337 950 369 1
989 337 1018 369 T
1057 335 1092 369 U
1130 335 1166 369 S.

254 402 488 451 Diabolus
506 436 519 458 ‚
550 401 717 448 Glauci
750 402 870 447 filius
887 437 900 458 ‚
927 401 1191 448 Cleaeretae

256 475 414 521 Lenae
448 473 580 519 dedit
604 473 734 520 dono
762 475 951 538 argenti
977 475 1145 539 viginti
1168 475 1344 533 minas,

262 551 534 597 Philenium
558 561 615 597 ut
646 567 807 597 secum
842 562 956 597 esset
979 562 1141 598 noctes
1167 562 1214 598 et
1238 551 1335 597 dles

259 625 406 672 Hunc
427 641 610 672 annum
637 635 814 671 totum.

644 728 680 760 D
718 726 738 759 1
775 725 810 758 A
845 725 873 757 Β
909 725 942 758 o
978 725 1008 758 1,
1047 725 1083 758 11
1120 724 1157 759 s.

634 800 809 861 Neque
831 815 943 845 cum
964 799 1199 860 quiquam
1216 799 1305 845 alio
1326 799 1540 860 quidem.

615 900 1184 937 PARASITUS.

263 962 510 1011 Addone?

648 1049 684 1081 D
721 1047 742 1080 1
779 1046 814 1080 A
850 1047 877 1079 Β
915 1051 946 1083 o
985 1049 1015 1080 1.
1051 1047 1086 1079 U
1123 1045 1159 1079 s.

511 1117 676 1165 Adde:
716 1129 763 1164 et
791 1118 956 1164 scribas
970 1153 982 1175 ‚
1002 1117 1139 1175 vide,
1157 1117 1297 1178 plane
1317 1127 1364 1163 et
1380 1118 1545 1180 probe.

630 1218 1204 1255 PARASITUS.

263 1299 491 1347 Alienum
517 1299 770 1345 hominem
795 1298 1081 1344 intromittat
1099 1297 1358 1344 neminem.

265 1369 420 1441 Quod
447 1370 526 1416 illa
554 1380 636 1416 aut
668 1370 878 1416 amicum
901 1379 983 1415 aut
1005 1371 1264 1429 patronum
1277 1394 1322 1404 --

652 1472 689 1505 D
724 1472 745 1504 Ι
781 1472 817 1506 A
850 1472 879 1504 B
918 1472 950 1505 Ο
986 1471 1015 1503 L
1052 1469 1087 1503 U
1124 1470 1162 1503 S.

1280 1522 1550 1570 Neminem.

622 1601 651 1634 P
688 1602 722 1635 A
757 1602 790 1636 R
826 1600 861 1633 A
898 1599 919 1634 S
956 1597 976 1634 Ι
1014 1599 1044 1634 Τ
1081 1600 1116 1634 U
1153 1600 1190 1635 S.
1334 1603 1339 1611 ¹

267 1678 369 1727 Aut
404 1678 542 1740 quod
564 1679 643 1726 illa
671 1680 847 1727 amicae
873 1696 981 1726 suae
1005 1690 1265 1726 amatorem
1283 1678 1550 1740 praedicet,

266 1753 407 1798 Fores
441 1755 651 1800 occlusae
683 1755 907 1801 omnibus
938 1754 1058 1799 sient
1077 1789 1090 1811 ,
1120 1754 1208 1799 nisi
1238 1753 1340 1798 tibi.

266 1824 326 1870 In
355 1824 533 1870 foribus
565 1826 759 1883 scribat,
791 1838 1115 1872 OCCUPATAM
1149 1836 1268 1870 EssE
1309 1836 1379 1870 sE.

267 1895 369 1943 Aut
395 1897 532 1958 quod
563 1899 640 1944 illa
665 1899 788 1945 dicat
811 1913 1004 1963 peregre
1033 1899 1219 1944 allatam
1244 1899 1518 1960 epistolam,

268 1971 343 2017 Ne
368 1971 562 2033 epistola
580 1972 782 2033 quidem
799 1974 897 2019 ulla
920 1973 1104 2034 uspiam
1120 1972 1178 2018 sit
1194 1972 1244 2019 in
1262 1972 1455 2019 aedibus
1469 2007 1486 2031 ‚

269 2043 370 2090 Nec
399 2055 548 2091 cerata
577 2045 698 2091 adeo
723 2046 898 2092 tabula-
939 2056 986 2091 et
1016 2046 1051 2091 si
1084 2063 1181 2107 qua
1212 2046 1392 2092 inutilis

269 2116 458 2163 Pictura
479 2117 535 2163 sit
551 2153 564 2175 ,
594 2135 699 2165 eam
727 2118 917 2165 vendat.
962 2119 1014 2164 ni
1037 2118 1294 2180 quatriduo

270 2188 585 2248 Abalienarit‚
612 2209 712 2252 quo
740 2192 819 2238 abs
849 2203 897 2238 te
922 2202 1171 2256 argentum
1195 2191 1422 2253 acceperit
1438 2224 1453 2248 ‚

271 2261 408 2307 Tuus
431 2264 673 2311 arbitratus
700 2265 757 2311 sit
773 2300 786 2322 ‚
814 2263 1044 2311 conburas
1061 2299 1074 2321 ‚
1101 2264 1136 2309 si
1161 2265 1286 2310 velis.

271 2333 346 2396 Ne
371 2335 439 2380 illi
468 2336 525 2382 sit
552 2354 679 2395 cera,
705 2338 792 2384 ubi
822 2338 970 2385 facere
1003 2339 1148 2401 possit
1178 2339 1340 2383 literas.

273 2404 427 2452 Vocet
459 2410 710 2456 convivam
737 2412 982 2456 neminem
1012 2411 1112 2460 illa3
1139 2420 1193 2454 tu
1218 2425 1370 2455 voces.

274 2473 353 2523 Ad
375 2488 542 2523 eorum
564 2495 626 2526 ne
656 2496 804 2541 quem
832 2482 994 2527 oculos
1018 2480 1201 2544 adjiciat
1220 2497 1339 2527 suos.
