1650 2826
218 184 275 229 18
470 178 1126 227 AMPHITRUO.
1303 198 1470 246 v.124'

212 285 311 332 Nisi
340 286 458 332 item
481 299 626 330 unam
641 318 662 341 a.
677 282 947 330 verberatus
972 299 1118 344 quam
1143 285 1354 346 pependi
1387 303 1497 347 per·-

507 369 646 404 etem.
1363 397 1372 400 -

212 434 332 481 Eam
357 375 556 495 quogue
579 431 752 493 edepol
775 432 917 479 etiam
938 434 1094 479 multo
1117 427 1231 479 haec
1253 434 1367 480 vicit
1387 435 1496 482 lon-

471 506 700 571 gitudine.
1118 536 1132 556 a

210 581 368 629 Credo
405 580 579 643 edepol
615 581 841 643 equidem
881 581 1086 629 dormire
1122 582 1282 630 Solem
1300 619 1313 641 ‚
1351 596 1499 646 atque

454 654 705 715 ‘adpotum
726 655 890 715 probe.

213 726 332 775 Mira
349 738 481 785 sunt,
505 727 591 773 nisi
614 727 831 773 invitavi-t
854 743 948 772 sese
970 728 1021 773 in
1039 744 1187 779 coena
1208 730 1495 798 plusculum.

569 840 1155 875 MERCURIUS»

214 916 321 964 Ain’
347 934 459 964 vero
473 952 486 975 ‚
511 917 744 963 verbero?
766 916 893 961 Deos
917 933 1009 962 esse
1031 917 1104 963 tui
1121 916 1276 963 similis
1296 929 1433 980 putas
1447 919 1470 963 Ρ

215 987 317 1052 Ego
356 989 441 1050 pol
479 999 527 1033 te
562 988 654 1033 istis
693 988 784 1032 tuis
818 1003 908 1048 pro
949 987 1081 1033 dictis
1129 999 1177 1056 et
1214 988 1466 1044 malefactis
1484 1023 1500 1048 ‚

477 1062 665 1108 furcifer
681 1096 695 1119 ,

215 1134 491 1198 Accipiam3
522 1136 672 1182 modo
703 1136 758 1181 sis
778 1137 891 1182 veni
914 1137 1035 1182 huc:
1068 1137 1277 1184 invenies
1298 1137 1503 1184 infortu-

477 1227 630 1257 mum.

716 1309 1010 1343 SOSIA.

221 1385 317 1431 Ubi
335 1395 446 1430 sunt
470 1384 542 1428 i‘sti
565 1394 835 1429 scortatores
849 1418 863 1441 ‚
887 1384 971 1444 qui
993 1383 1079 1429 soli
1102 1383 1239 1429 inviti
1263 1383 1475 1430 cubant?

222 1459 353 1504 Haec
367 1474 468 1504 nox
481 1457 644 1503 scita'st
659 1456 923 1503 exercendo
937 1467 1091 1503 scorto
1109 1455 1350 1506 conducto
1367 1458 1503 1507 male.

586 1572 1166 1606 MERCURIUS.

226 1656 363 1703 Meus
381 1666 513 1718 pater
529 1671 661 1700 nunc
678 1670 766 1715 pro
790 1654 930 1718 hujus
945 1653 1098 1699 verbis
1115 1664 1240 1700 recte
1258 1665 1305 1700 et
1326 1654 1506 1716 sapien-

487 1738 558 1772 ter
580 1726 689 1772 facit
702 1761 717 1782 ‚

231 1799 335 1868 Qui
368 1799 629 1859 conplexus
662 1814 774 1842 cum
810 1796 1102 1854 Alcumena,
1138 1797 1281 1843 cubat
1316 1815 1472 1845 amans
1490 1832 1505 1858 ,

490 1870 650 1916 anim-o
674 1871 951 1930 obsequens.

734 1980 1025 2014 SOSIA.

230 2056 321 2104 Ibo
334 2092 347 2115 ‚
366 2069 422 2104 ut
435 2092 447 2114 ‚
466 2058 606 2104 herus
625 2056 761 2120 quod
782 2057 1029 2119 imperavit
1043 2090 1057 2113 ‚
1075 2054 1364 2102 Alcumenae
1381 2071 1508 2102 nun-

489 2131 619 2191 tiem.

235 2202 330 2250 Sed
353 2205 457 2265 quis
488 2205 564 2250 hic
598 2216 664 2250 est
692 2205 841 2251 homo
858 2239 874 2262 ‚
897 2221 1047 2266 quem
1079 2216 1189 2252 ante
1219 2204 1344 2252 aedis
1364 2202 1505 2251 video

493 2278 585 2323 hoc
609 2278 792 2324 noctis?
814 2294 916 2323 non
937 2279 1104 2339 placet.

586 2396 1164 2432 MERCURIUS·

237 2481 410 2532 Nullus
433 2493 501 2532 est
521 2484 613 2532 hoc
635 2486 938 2533 meticulosus
960 2498 1125 2544 aeque.
