1650 2826
123 201 277 236 mn
411 161 827 234 AcTus'n.
880 181 986 229 sc
1039 184 1120 230 11.
1341 187 1398 235 51

459 301 1059 340 AMPRITRUO.

121 385 248 437 Tace
283 394 351 430 tu.
390 391 446 430 tu
475 379 564 427 dic.
602 394 754 443 egone
789 377 870 426 abs
906 389 955 423 te
990 377 1086 423 abii
1116 378 1227 424 hinc
1258 380 1402 430 hodie

374 469 487 500 cum
517 452 769 498 diluculo?

486 552 521 585 A
555 552 586 584 L
622 551 649 583 C
687 551 721 583 U
758 550 799 583 M
835 550 865 583 E
902 551 935 583 N
974 550 1023 583 A.

121 623 239 694 Quis
267 622 433 687 igitur,
452 622 539 669 nisi
564 638 674 692 ves,
701 623 902 671 narravit
926 624 1076 682 mihi,
1094 626 1164 672 illi
1182 637 1237 673 ut
1259 627 1401 676 fuerit

365 694 662 757 ptoelium?

455 799 489 832 A
526 800 568 832 M
605 800 633 833 P
671 799 705 833 H
741 800 762 832 I
799 800 829 833 Τ
866 802 900 836 R
935 801 970 836 U
1006 803 1054 835 Ο.
1114 851 1126 861 x

119 868 658 917 Anetiamidtuscis?

486 974 522 1006 A
556 974 586 1006 L
621 974 650 1006 c
687 973 722 1006 U
758 973 800 1007 M
836 974 866 1007 Ε
903 976 935 1008 Ν
973 975 1022 1009 A.

182 1045 380 1114 Quippe
388 1061 516 1106 quae
530 1060 590 1090 ex
603 1054 651 1090 te
664 1043 846 1091 audivi:
865 1057 921 1091 ut
939 1047 1111 1093 urbem
1123 1064 1401 1099 maxumam

119 1115 514 1181 Expugnavisses;
556 1133 815 1181 regemque
855 1118 1089 1165 Pterelam
1124 1131 1229 1169 tute
1278 1123 1402 1170 occi-

376 1190 507 1236 deris.

460 1289 495 1321 A
530 1291 572 1323 M
610 1292 639 1324 P
675 1292 709 1324 Η
744 1291 765 1323 1
802 1291 833 1323 Τ
868 1292 901 1325 R
938 1290 973 1323 U
1010 1291 1058 1324 o.

123 1356 288 1420 Egone
311 1358 430 1405 istuc
450 1360 589 1405 dixi?

493 1462 529 1494 A
564 1462 594 1494 L
629 1463 657 1494 c
694 1462 731 1494 υ
766 1464 808 1496 Μ
844 1464 874 1497 E
910 1465 943 1496 N
980 1463 1029 1496 A.

504 1534 633 1580 Tute
650 1536 749 1580 istic
763 1570 776 1592 ‚
795 1536 938 1581 etiam
959 1547 1135 1582 astante
1150 1537 1244 1584 hoc
1260 1535 1397 1586 Sosia.

463 1641 498 1673 A
532 1642 575 1674 Μ
612 1643 641 1676 1³
675 1643 710 1676 Η
746 1644 767 1676 1
803 1645 835 1677 'r
871 1646 904 1679 R
935 1645 977 1677 -U
1013 1647 1060 1679 o.

126 1711 402 1762 Audivistin’
426 1726 481 1763 tu
504 1733 583 1764 me
599 1734 778 1765 nauare
800 1720 892 1766 hoc
911 1720 1055 1768 hodie
1068 1722 1091 1767 Ρ

613 1815 638 1849 s
673 1818 706 1850 o
743 1818 766 1852 s
801 1819 823 1852 1
857 1821 905 1853 A.

857 1897 951 1943 Ubi
982 1915 1070 1964 ego
1100 1901 1362 1949 audivefim
1378 1904 1400 1949 ?

460 1989 1058 2032 AMPHITRUO.

125 2042 401 2109 Hancroga.

609 2150 902 2188 SOSIA.

251 2219 333 2267 Me
350 2221 548 2281 quidem
569 2239 810 2286 praesente
827 2245 1097 2292 numquam
1119 2233 1297 2283 factum
1314 2237 1367 2284 ’st
1378 2272 1393 2296 ,

371 2295 512 2355 quod
536 2297 687 2344 sciam.

359 2452 371 2459 f
491 2403 527 2435 A
559 2403 591 2437 1,
626 2406 654 2438 c
690 2405 728 2440 U
761 2408 805 2440 M
838 2409 868 2443 Ε
904 2411 939 2446 N
974 2413 1023 2447 Α.

125 2468 304 2521 Mirum
320 2476 440 2536 quin
456 2488 506 2524 te
528 2479 747 2528 advorsus
765 2482 900 2530 dicat.
