1650 2826
233 235 327 282 442-
559 213 1172 265 CAPTEIVEI.
1369 185 1516 281 §.89

604 338 1128 374 TYNDARUS.

231 407 296 454 At
315 401 471 456 unum
492 409 586 455 hoc
605 425 804 470 quaeso,
828 409 864 454 si
886 410 981 455 huc
1006 408 1176 454 rebitet
1198 405 1480 452 Philocrates
1495 440 1511 464 ‚

231 483 297 529 Ut
323 483 442 530 mihi
470 485 566 548 ejus
594 483 728 531 facias
752 483 1081 531 conveniundi
1109 482 1310 544 copiam.

716 588 750 621 H
784 589 814 621 E
853 587 885 620 G
921 589 940 620 I
979 589 1026 622 O.

234 655 456 713 Periisfis,
477 655 565 701 nisi
589 656 720 702 hunc
742 658 841 720 jam
871 674 896 702 e
922 665 1180 717 conspectu
1205 653 1449 700 abducitis.

617 758 653 791 T
683 759 718 791 Y
755 759 786 791 N
822 760 857 793 D
894 758 927 791 A
955 753 996 792 'R
1032 758 1066 790 U
1103 757 1142 791 S·

234 824 317 875 Vis
355 825 469 871 haec
516 825 716 884 quidem
753 826 908 871 hercle
937 825 990 870 ’st
1010 858 1024 881 ,
1058 835 1106 869 et
1137 822 1258 870 trahi
1289 833 1338 869 et
1368 820 1498 871 trudi

489 899 642 945 simul.

727 993 759 1024 H
796 993 824 1025 E
864 993 895 1025 G
932 992 951 1024 I
989 992 1038 1025 Ο.

236 1063 338 1109 Illic
354 1071 420 1107 est
433 1060 666 1106 abductus
683 1073 806 1106 recta
822 1062 869 1106 in
890 1061 1156 1122 phylacam‚
1173 1070 1229 1106 ut
1248 1059 1417 1124 dignus
1440 1069 1521 1104 est.

237 1136 339 1199 Ego
361 1135 448 1179 iilis
480 1133 700 1196 capteivis
730 1134 826 1179 aliis
854 1135 1205 1180 documentum
1232 1133 1390 1190 dabo,

236 1207 312 1253 Ne
334 1208 426 1252 tale
456 1206 711 1266 quisquam
742 1206 919 1252 facinus
951 1207 1158 1268 incipere
1184 1206 1370 1254 audeat.

240 1280 393 1349 Quod
407 1279 586 1338 absque
606 1279 697 1324 hoc
717 1292 830 1324 esset
845 1314 857 1335 ‚
875 1279 961 1340 qui
978 1279 1096 1324 mihi
1114 1279 1204 1324 hoc
1221 1277 1334 1326 fecit
1346 1277 1523 1340 palam,

238 1352 402 1413 Usque
435 1352 719 1398 offrenatum
751 1353 841 1398 suis
870 1370 948 1398 me
973 1351 1222 1398 ductarent
1248 1350 1380 1397 dolis.

241 1427 386 1473 Nunc
413 1439 597 1473 certum
623 1428 677 1473 ’st
703 1427 825 1473 nulli
847 1438 956 1489 post
983 1427 1098 1473 haec
1132 1425 1402 1488 quidquam
1425 1440 1527 1471 cre-

497 1502 622 1549 dere.

242 1572 360 1620 Satis
390 1591 496 1619 sum
528 1575 673 1619 semel
701 1575 939 1637 deceptus.
969 1575 1149 1638 speravi
1173 1570 1331 1623 misers

244 1648 320 1694 Ex
345 1648 570 1694 servitute
605 1664 684 1692 me
717 1649 940 1694 exemisse
968 1649 1135 1694 filium.
1190 1695 1192 1697 ,

244 1722 314 1768 Ea
339 1739 442 1783 spes
472 1721 624 1767 elabsa
652 1722 719 1766 ’st.
755 1722 942 1783 perdidi
966 1739 1121 1768 unum
1151 1722 1307 1768 filium

245 1795 454 1840 Puerum
483 1795 790 1855 quadrimum
806 1830 818 1852 ‚
841 1812 989 1856 quem
1010 1795 1130 1841 mihi
1148 1812 1301 1841 servos
1319 1794 1528 1856 surpuit:

245 1866 421 1928 Neque
465 1867 593 1911 enim
634 1884 819 1914 servom
861 1874 1096 1928 umquam
1134 1867 1316 1928 reperi,
1350 1883 1512 1928 neque

504 1941 688 1986 filium:

247 2014 400 2078 Major
421 2014 603 2075 potitus
633 2015 843 2061 hostium
866 2015 932 2061 ’st.
961 2014 1097 2076 quod
1120 2016 1213 2062 hoc
1242 2025 1309 2060 est
1333 2012 1502 2060 scelus!

251 2087 402 2156 Quasi
433 2087 483 2132 in
502 2087 768 2158 *orbitatem
795 2088 966 2134 liberos
991 2088 1317 2150 produxerim.

248 2160 458 2221 Sequere
490 2161 605 2207 hac:
632 2161 857 2208 reducam
885 2174 933 2208 te
964 2161 1049 2207 ubi
1075 2161 1219 2207 fuisti:
1251 2156 1450 2207 neminis

248 2232 456 2288 Misereri
481 2245 663 2281 certum
681 2236 735 2281 ’st
748 2270 761 2292 ,
787 2236 899 2296 quia
916 2234 1012 2279 mei
1032 2234 1217 2280 miseret
1235 2229 1491 2278 neminem.

466 2333 1303 2374 ARISTOPHONTES.

252 2402 559 2463 Exauspicavi
587 2422 644 2451 ex
675 2407 850 2453 vinclis.
883 2422 1014 2452 nunc
1042 2399 1267 2465 intellego

251 2473 698 2536 Redauspicandum
729 2495 821 2524 esse
844 2478 896 2522 in
925 2488 1105 2523 catenas
1135 2473 1310 2520 denuo.
