1650 2826
165 221 287 255 men
437 200 769 260 ACTUS
819 201 855 246 Ι.
904 198 1005 246 SC.
1059 201 1135 246 ΙΙ.
1338 217 1428 262 395

165 309 261 357 Sed
290 310 326 355 si
350 310 450 355 ullo
469 320 608 370 pacto
637 286 716 354 il'le
736 308 832 354 huc
862 308 1097 354 conciliari
1122 318 1303 368 potest,

167 384 259 431 Vel
288 382 617 430 carnuficinam
646 383 777 428 hunc
806 382 955 429 facere
981 399 1175 445 possum
1204 381 1401 444 perpeti.

644 479 679 512 Η
713 479 744 511 Ε
783 480 815 514 G
851 481 870 513 1
910 480 959 512 o.

167 551 306 622 Quis*
321 550 398 597 hic
426 550 643 611 loquitur
659 551 683 597 Ρ

522 650 555 683 Ε
591 650 624 682 R
657 648 689 681 G
724 648 758 682 A
795 648 816 682 s
852 647 873 679 1
910 646 941 679 L
974 646 1011 679 U
1048 646 1085 680 s.

527 760 532 764 .
567 723 670 787 Ego
690 757 704 780 ,
731 723 816 783 qui
843 733 930 767 tuo
960 738 1171 768 maerore
1201 737 1442 778 maceror,

171 797 409 855 Macesm,
433 813 714 844 consenesco
731 832 744 853 ‚
775 807 822 842 et
853 796 1039 842 tabesco
1071 797 1221 842 miser.

172 869 289 915 Ossa
318 881 463 930 atque
488 869 622 930 pellis
651 885 755 914 sum
782 868 920 913 miser
947 885 973 912 a
995 867 1323 914 macritudine.

174 941 348 1004 Neque
374 959 608 1003 umquam
629 942 898 1003 quidquam
914 958 994 988 me
1004 943 1142 1006 juvat
1157 979 1169 1000 ‚
1199 941 1335 1004 quod
1356 940 1447 988 edo

431 1014 587 1060 domi:

175 1084 304 1132 Foris
332 1086 683 1147 aliquantillum
714 1088 856 1134 etiam
886 1085 1023 1148 quod
1047 1097 1220 1151 gusto,
1250 1086 1302 1132 id
1323 1085 1447 1132 beat.

650 1189 686 1221 H
719 1189 750 1220 E
788 1190 819 1223 G
855 1189 877 1221 1
912 1188 961 1221 o.

182 1248 380 1312 Ergasile
399 1282 413 1306 ‚
444 1250 580 1294 salve.

534 1347 565 1380 E
600 1347 633 1379 R
671 1345 703 1378 G
739 1345 774 1378 A
809 1343 831 1376 S
867 1344 887 1375 1
923 1342 954 1374 L
989 1341 1024 1373 U
1061 1341 1098 1374 S.

671 1423 754 1468 Dii
775 1433 823 1467 te
839 1421 963 1466 bene
986 1429 1144 1464 ament
1161 1452 1175 1475 ,
1203 1418 1369 1482 Hegio.

320 1516 323 1518 ’
659 1518 969 1554 HEelo.

190 1578 367 1624 Nefle.

543 1667 1112 1704 ERGASILUS.

318 1763 321 1766 ¹
348 1744 494 1808 Egon’
515 1745 648 1790 illum
668 1761 770 1792 non
790 1744 961 1791 fleam?
979 1759 1131 1808 egone
1144 1758 1246 1789 non
1263 1741 1463 1788 defleam

195 1816 363 1862 Talem
387 1816 734 1867 adulescentem
752 1819 774 1864 Ρ

676 1918 988 1952 HEGIO.

777 1986 972 2048 Semper
996 1987 1139 2043 sensi,
1168 1986 1267 2030 filio

199 2060 312 2107 Meo
340 2069 388 2104 te
419 2075 511 2104 esse
540 2060 744 2105 amicum
766 2093 779 2115 ‚
811 2070 858 2104 et
886 2060 1024 2105 illum
1049 2058 1262 2104 intellexi
1287 2056 1391 2102 tibi.

554 2155 1117 2190 ERGASILUS.

209 2228 340 2274 Tum
362 2228 571 2289 denique
596 2228 810 2274 homines
826 2239 980 2273 nostra
1002 2228 1315 2292 intellegimus
1325 2226 1471 2282 bona,

209 2301 378 2368 Quom
396 2316 518 2361 quae
534 2300 583 2344 in
600 2310 830 2360 potestate
844 2301 1095 2346 habuimus
1108 2336 1122 2358 ,
1140 2318 1192 2346 ea
1209 2302 1455 2347 amisimus.

209 2371 310 2434 Ego
324 2406 337 2428 ‚
356 2383 609 2433 postquam
629 2383 795 2436 gnatus
816 2383 926 2418 tuus
945 2373 1105 2434 potitu
1120 2374 1175 2419 ’st
1192 2374 1399 2419 hostium
1412 2408 1426 2431 ,

211 2441 465 2503 Expertus,
488 2443 656 2505 quanti
681 2442 847 2502 fuerit,
871 2460 1001 2492 nunc
1025 2444 1249 2492 desidero.
