1650 2826
263 220 360 263 404
601 198 1214 250 CAPTEIVEL
1454 222 1554 257 v.2

263 309 359 357 Ubi
387 318 500 356 sunt
528 308 628 366 isti,
650 323 775 370 quos
794 319 904 356 ante
932 309 1056 356 aedis
1077 310 1193 376 jussi
1224 311 1321 360 huc
1350 312 1556 375 produci

516 381 635 428 foras
655 381 677 427 Ρ
702 409 704 412 v
1399 367 1429 398 ο

542 471 1258 511 PHILOCRATES.

259 544 450 607 Edepol
483 544 574 591 tibi
605 560 667 590 ne
702 543 968 606 quaestioni
996 559 1225 602 essemus,
1257 538 1453 592 cautum
1483 545 1554 592 in-

510 617 719 680 tellego;
1109 635 1114 639 ·
1162 635 1167 639 ·

257 689 330 735 Ita
357 690 522 736 vinclis
555 687 878 749 custodiisque
906 687 1289 735 circummoeniti
1321 706 1495 736 sumus.

753 782 789 816 H
823 782 853 816 E
892 781 924 815 G
960 783 979 815 Ι
1019 781 1068 815 Ο.

261 851 365 922 Qui
385 861 544 910 cavet,
562 866 624 897 ne
642 847 905 913 decipiatur
920 884 934 908 ,
953 850 1036 897 vix
1046 859 1189 920 (cavet
1201 884 1215 908 ‚
1234 866 1388 912 quom
1407 850 1550 897 etiam

513 937 659 973 cavet.

255 998 413 1047 Etiam
431 1015 591 1060 quom
616 998 783 1045 cavisse
807 1007 914 1043 ratu
934 996 991 1042 ’st
1009 1029 1024 1055 ,
1046 1012 1181 1060 saepe
1210 999 1245 1044 is
1279 1010 1444 1045 cautor
1477 1014 1549 1045 ca·-

508 1082 620 1133 ptus
652 1083 732 1118 est.

255 1144 335 1193 An
367 1127 481 1192 vexo
510 1162 612 1191 non
639 1144 765 1208 justa
798 1159 951 1189 caussa
974 1142 1060 1200 ’st,
1079 1154 1137 1189 ut
1159 1160 1244 1190 vos
1272 1160 1452 1191 servem
1479 1161 1548 1190 se-

510 1218 629 1264 dulo
653 1252 667 1275 ‚

255 1295 395 1365 Quos
410 1304 508 1339 tam
524 1290 693 1357 ,grandi
711 1288 798 1336 sim
813 1300 1046 1336 mercatus
1060 1289 1292 1352 praesenti
1302 1291 1544 1352 pecunia?

557 1382 1268 1420 PHILOCRATES.

252 1451 426 1517 Neque
456 1456 542 1517 pol
564 1454 654 1500 tibi
679 1469 790 1510 nQS,
818 1451 932 1513 quia
953 1468 1040 1498 nos
1064 1468 1236 1508 servas,
1267 1468 1477 1512 aequom
1493 1452 1547 1497 ’st

508 1537 627 1572 Vitio
653 1536 840 1572 vortere
861 1544 870 1569 z

253 1600 426 1661 Neque
459 1610 507 1645 te
541 1599 681 1645 nobis
701 1634 714 1657 ,
745 1598 782 1644 si
819 1598 1043 1645 abeamus
1077 1595 1219 1654 hinc,
1252 1596 1290 1642 si
1328 1594 1429 1642 fuat
1461 1611 1541 1642 oc-

509 1672 644 1719 casio.

751 1746 787 1782 n
823 1749 853 1782 Ε
894 1747 926 1780 G
962 1747 982 1780 1
1020 1747 1068 1781 o.

251 1813 318 1862 Ut
338 1831 424 1862 vos
449 1816 526 1861 hic
540 1850 553 1872 ‚
581 1815 750 1861 itidem
778 1815 874 1862 illic
902 1814 1034 1878 apud
1059 1829 1144 1861 vos
1169 1828 1307 1861 meus
1331 1822 1538 1861 servatus

502 1888 637 1934 filius.

544 1972 1253 2008 PHILOCRATES.

251 2032 428 2096 Captus
460 2034 566 2079 e‘st?
808 2044 809 2047 ’

738 2110 774 2144 Η
807 2111 837 2144 Ε
874 2109 907 2143 G
942 2111 964 2144 1
1002 2111 1052 2144 o.

501 2163 586 2209 Ita.

536 2247 1240 2284 PHILOGRATES.

612 2317 725 2364 Non
744 2319 886 2382 igitur
907 2335 993 2364 nos
1015 2317 1101 2364 soli
1124 2314 1279 2380 ignavi
1301 2312 1526 2362 fuvimus.

722 2412 757 2444 H
793 2413 823 2444 E
862 2411 897 2444 G
932 2413 952 2444 1
989 2413 1037 2445 ο.
1261 2441 1272 2451 ,

244 2467 421 2521 Secede
440 2470 549 2518 huc.
566 2487 681 2519 nam
700 2483 811 2520 sunt
829 2488 889 2521 ex
904 2483 952 2520 te
968 2487 1091 2535 quae
1109 2471 1209 2519 solo
1229 2471 1377 2518 scitari
1394 2471 1521 2518 volo.
