1650 2826
132 207 261 254 v.52
391 182 1174 238 IN-CAPTEIVOS.
1318 203 1409 251 391

134 298 267 344 Haec
295 311 365 342 res
392 305 552 359 agetur
574 294 738 351 nobis,
768 292 903 338 vobis
933 293 1125 340 Fabula.

135 368 232 416 Sed
259 367 399 415 etiam
428 367 508 423 ‘st,
532 366 692 429 paucis
713 381 799 413 vos
833 365 971 426 quod
996 363 1207 412 monitos
1235 367 1401 414 volue⁴

383 438 488 484 rim.

137 512 352 561 Profecto
383 511 629 574 expediet,
653 512 858 559 Fabulae
879 512 994 559 huic
1021 529 1214 574 operam
1234 513 1357 560 dare.

138 587 258 634 Non*
271 596 546 648 pertractate
572 584 693 632 facta
709 587 762 632 ’st
776 621 790 644 ‚
813 602 974 647 neque
990 587 1109 633 item
1134 598 1190 633 ut
1207 599 1413 638 ceterae:

137 659 308 721 Neque
333 653 582 720 spurcidici
611 659 774 705 insunt
798 676 956 706 versus
984 659 1377 708 inmemorabiles.

137 731 231 778 Hic
256 746 417 792 neque
438 732 651 794 perjurus
678 731 789 778 leno
804 732 883 789 ’st‚
902 746 990 777 nec
1012 733 1236 779 meretrix
1250 735 1399 791 mala,

135 803 308 864 Neque
323 803 469 854 ‚miles
498 802 741 866 gloriosus.
775 803 848 849 Ne
871 803 1156 861 vereamini,

138 876 267 946 Quia
294 877 480 923 bellum
515 875 694 922 Aetolis
726 893 820 923 esse
849 876 949 923 dixi
975 892 1090 923 cum
1120 876 1232 924 Aliis
1249 896 1267 927 ε

138 950 267 997 Foris
297 950 392 996 illic
421 960 549 996 extra
586 966 772 996 scenam
805 951 921 995 fient
950 949 1141 1010 proelia.

138 1021 264 1067 Nam
285 1021 378 1067 hoc
400 1016 550 1083 paene
577 1020 799 1083 iniquom
816 1023 870 1068 ’st
893 1021 1091 1068 Comico
1121 1022 1370 1087 choragio,

142 1094 315 1140 Conari
348 1093 565 1140 desubito
594 1110 680 1140 nos
712 1111 848 1159 agere
877 1094 1205 1159 Tragoediam.

142 1166 286 1212 Proin
314 1165 353 1210 si
376 1166 481 1226 quis
503 1183 715 1229 pugnam
738 1179 1002 1229 exspectat,
1020 1168 1123 1214 lites
1149 1169 1416 1216 contrahat:

144 1237 468 1283 Valentiorem
501 1249 664 1283 nactus
698 1239 1010 1285 adversarium

147 1311 198 1358 Si
223 1311 336 1367 erit,
367 1326 454 1374 ego
492 1309 657 1357 faciam
674 1346 688 1368 ,
726 1324 781 1358 ut
808 1329 1021 1376 pugnam
1051 1313 1282 1374 inspectet
1314 1332 1417 1361 non

401 1383 578 1429 bonam
598 1403 607 1429 ε
1326 1398 1329 1400 ’

149 1456 286 1503 Adeo
305 1467 361 1503 ut
388 1467 593 1517 spectare
617 1465 779 1517 postea
810 1454 962 1500 omnis
994 1455 1160 1504 oderit.

150 1528 300 1576 Abeo.
338 1527 503 1574 Valete
520 1563 533 1585 ,
558 1526 742 1591 judices
766 1527 1024 1592 justissumi

151 1602 301 1649 Domi
317 1636 332 1661 ,
357 1601 569 1664 bellique
595 1601 875 1650 duellatores
896 1602 1101 1664 optumi.

1081 2512 1235 2574 Bb4
