1650 2826
133 206 271 273 ,ιη-46
404 201 710 254 Αετυε
766 202 849 250 11.
898 201 1156 254 sc.1V.
1319 218 1414 271 ραι

142 321 274 368 Solet
298 316 366 364 ire
388 313 594 362 coct'um.

0 396 8 458 ἱ
415 427 453 467 4
556 411 594 445 A
629 410 666 444 N
702 409 735 443 ‘r
770 410 806 444 n
839 410 875 444 R
907 409 944 443 A
976 410 1029 444 x.

0 489 7 535 ι
617 485 744 531 Tun'
779 485 925 531 trium
955 485 1195 530 literarum
1227 483 1381 533 homo

0 546 4 560 ³
139 550 227 608 Me·
245 555 521 620 vituperas?
556 555 632 604 fur
648 591 663 614 ,
694 556 835 603 etiam
866 555 943 602 fin
967 554 1226 603 trifmcifer.

376 651 380 655 ’
494 653 517 689 s
553 654 585 687 ‘r
620 654 655 688 R
690 654 723 689 ο
758 654 787 687 Β
822 653 844 687 1
877 654 909 687 Ι,
945 653 982 687 u
1018 651 1057 687 s·

136 734 262 782 Tace
292 748 423 781 nunc
444 731 545 796 jam
572 742 657 778 tu:
693 742 839 793 atque
873 746 1052 796 agnum
1083 731 1270 780 horunc
1302 742 1409 781 uter

388 817 455 852 est
486 803 721 868 pinguior.

553 903 581 935 c
619 901 651 935 o
685 901 720 935 Ν
754 899 787 934 G
822 901 857 935 R
883 902 907 934 1
942 902 990 935 0.

141 964 284 1012 Licet.

495 1046 518 1080 s
554 1047 586 1079 Τ
619 1048 653 1082 R
689 1047 721 1081 o
757 1046 786 1079 B
821 1046 843 1079 1
876 1045 907 1079 1,
943 1045 979 1079 U
1015 1046 1053 1081 s.

297 1120 410 1177 Tu,
441 1121 682 1185 Congrio,
712 1138 824 1167 eum
845 1138 1005 1179 sume,
1028 1124 1163 1185 atqui
1189 1123 1267 1180 abi

140 1192 273 1236 Intro
302 1191 444 1248 illuc,
470 1203 518 1237 et
544 1210 627 1238 vos
649 1193 787 1239 illum
807 1195 1084 1256 sequimini:

139 1262 238 1309 Vos
263 1262 403 1309 ceteri
426 1262 539 1308 illuc
565 1263 625 1308 ad
654 1280 756 1309 nos.

553 1360 1014 1394 ANTHRAX.

782 1437 954 1482 Hercle
982 1436 1152 1499 injuria

141 1508 450 1571 Dispertivisti
472 1527 481 1553 :
505 1507 805 1572 pinguiorem
830 1523 1008 1571 agnum
1031 1507 1105 1552 isti
1132 1507 1321 1555 habent.

498 1603 523 1641 S
559 1608 590 1640 T
625 1608 659 1642 R
694 1607 726 1640 ο
764 1608 792 1639 Β
826 1607 847 1639 1
881 1605 913 1639 L
948 1605 983 1639 U
1018 1606 1060 1650 s,

144 1680 209 1726 At
236 1694 367 1725 nunc
396 1679 485 1724 tibi
515 1678 702 1724 dabitur
730 1679 954 1743 pinguior
977 1678 1182 1724 tibicina.

145 1751 170 1796 I
191 1767 298 1796 sane
320 1766 432 1797 cum
457 1751 539 1797 illo
555 1785 569 1808 ‚
591 1750 803 1815 Phrygia
839 1762 895 1797 tu
921 1761 1109 1808 autem,
1133 1750 1375 1798 Eleusium
1390 1784 1406 1810 ‚

146 1824 258 1870 Huc
286 1824 411 1870 intro
438 1824 515 1870 abi
544 1823 604 1869 ad
630 1840 731 1870 nos.

561 1923 1000 1958 CONGRIO.

742 1997 791 2042 O
822 1995 1025 2042 Strobile
1054 1997 1282 2054 subdole,

147 2067 363 2113 Huccine
397 2065 627 2112 detrusisti
647 2083 725 2112 me
754 2067 815 2112 ad
843 2084 1000 2113 senem
1019 2069 1380 2129 parcissumum.
1368 2067 1391 2102 Ρ

144 2141 269 2199 Ubi,
301 2143 337 2188 si
371 2141 491 2222 quid
522 2158 740 2203 poscam,
770 2159 923 2203 usque
952 2142 1012 2187 ad
1042 2143 1190 2188 ravim
1217 2158 1407 2204 poscam

0 1324 9 1374 ἐκ

0 1475 9 1527 3}

0 1544 9 1573 5

0 1579 17 1667 Ξ,

0 1667 3 1685 ι

0 1670 20 1767 {3

0 2247 5 2250 -
395 2214 521 2275 prius

0 2207 29 2365 ἶ
147 2285 310 2354 Quam
342 2287 608 2348 quidquam
638 2286 787 2332 detur.

3 2367 29 2445 ξ
498 2387 522 2421 s
561 2388 591 2420 T
624 2388 658 2421 R
696 2388 728 2420 o
763 2388 790 2419 B
824 2386 847 2419 1
881 2387 911 2419 L
946 2385 983 2419 U
1018 2385 1055 2420 s.

0 2446 34 2573 ἱ
372 2479 383 2486 ν
750 2453 962 2501 Stultum
982 2462 1029 2500 et
1048 2451 1146 2499 sine
1166 2450 1307 2515 gratia
1323 2450 1375 2495 ’st
1390 2482 1406 2509 ‚

0 2559 38 2826 ,Ξ

10 2735 43 2826 ὲ
