1650 2826
106 221 246 269 v.93
365 200 650 253 ACTUS
700 197 964 280 IV.·SC.
1011 202 1076 251 X.
1285 220 1383 274 259

555 322 931 358 EucLlo.

107 404 223 453 Non
254 405 323 451 mi
350 402 566 451 homines
603 400 791 462 placent
812 431 828 459 ‚
865 398 951 462 qui
967 431 983 459 ‚
1027 398 1224 463 quando
1256 406 1381 453 male

357 475 571 523 fecerunt
587 509 601 532 ,
629 475 885 540 purgitant.

110 550 191 597 Tu
223 549 352 596 illam
388 549 532 595 scibas
566 564 667 594 non
703 560 836 594 tuam
870 563 992 594 esse:
1028 563 1131 595 non
1161 560 1383 600 attactam

362 620 590 683 oportuit.

460 718 492 751 1.
526 718 561 750 Y
597 717 624 749 c
660 716 692 750 o
728 717 763 750 N
796 717 818 750 1
851 718 888 751 D
921 717 954 751 Ε
989 717 1028 752 s.

107 787 233 855 Ergo
255 791 367 852 quia
395 807 502 837 sum
529 802 717 855 tangere
746 807 911 854 ausus,
932 791 1064 840 haud
1092 793 1384 857 cassii-icor,

363 879 483 924 qum
508 879 613 909 eam

111 935 214 1000 Ego
231 936 432 984 habeam
447 936 784 1000 potissumum.

575 1037 607 1070 Ε
643 1035 679 1069 U
715 1036 742 1068 c
778 1036 809 1069 1.
842 1035 863 1068 1
902 1034 950 1069 ο.

576 1117 703 1163 Tun'
722 1115 890 1163 habeas
913 1132 993 1163 me
1017 1116 1169 1165 invito
1190 1134 1347 1167 meam
1361 1118 1384 1164 ?

469 1210 501 1245 1.
534 1212 570 1245 Y
603 1212 631 1244 c
669 1213 701 1244 o
736 1213 770 1245 N
803 1213 825 1245 1
859 1214 895 1245 D
929 1214 959 1245 E
995 1212 1033 1246 s.

117 1286 264 1336 Haud
284 1297 334 1334 te
356 1287 507 1334 invito
525 1290 743 1349 postulo:
767 1289 849 1335 sed
870 1306 1026 1336 meam
1050 1307 1142 1338 esse
1167 1303 1388 1354 oportere

369 1359 578 1406 arbitror.

118 1434 255 1504 Quin
271 1442 328 1480 tu
346 1449 451 1479 eam
467 1432 674 1479 invenies
690 1467 704 1489 ‚
720 1433 919 1495 inquam
932 1464 947 1491 ‚
963 1450 1120 1482 mm
1142 1435 1271 1483 illam
1293 1453 1388 1485 esse

372 1517 589 1567 oportere
605 1539 619 1563 ‚
642 1505 824 1552 Euclio.

561 1604 592 1637 E
629 1603 664 1637 U
700 1606 727 1639 C
760 1604 792 1639 1.
825 1604 847 1638 1
883 1605 931 1640 Ο.

120 1660 219 1712 Nisi
239 1660 424 1707 refers-

0 1739 11 1769 '³⁴
476 1745 509 1779 L
543 1745 580 1780 Y
612 1744 642 1780 c
675 1746 709 1781 o
741 1746 776 1782 n
809 1747 832 1780 1
865 1747 903 1782 D
937 1744 969 1782 Β
1002 1747 1043 1783 8.

344 1824 482 1895 Quid
501 1824 591 1872 tibi
615 1842 702 1890 ego
721 1823 916 1871 referam
928 1824 952 1870 Ρ

560 1924 593 1959 Ε
627 1925 663 1959 U
698 1926 724 1959 c
759 1926 790 1958 L
824 1925 845 1958 1
881 1924 930 1958 o.

741 1996 895 2067 Quod
917 1994 1176 2058 surripuisti
1191 2008 1357 2041 meum
1372 2025 1390 2052 ‚

123 2072 229 2134 Jam
260 2070 458 2134 quidem
488 2071 644 2117 hercle
668 2082 717 2117 te
736 2070 797 2116 ad
813 2081 1077 2131 praetorem
1107 2067 1312 2129 rapiam,
1343 2075 1396 2113 et

374 2143 462 2191 tibi
489 2144 684 2191 scribam
709 2143 875 2189 dicam.

324 2288 330 2290 ὴ
474 2240 505 2273 1.
538 2239 573 2272 Y
608 2239 636 2271 c
671 2240 704 2273 o
738 2237 829 2273 ΝἸ
863 2238 900 2271 D
933 2235 964 2271 E
999 2234 1038 2272 s.

129 2303 335 2370 Surripio
355 2326 441 2374 ego
459 2310 633 2358 tuum?
658 2297 820 2357 unde?
837 2322 919 2358 aut
937 2309 1057 2372 quid
1074 2308 1126 2356 id
1142 2310 1239 2357 est?

574 2410 606 2444 Ε
640 2410 676 2443 U
711 2410 739 2443 c
773 2411 805 2444 1.
837 2411 858 2442 1
895 2410 942 2443 o.

796 2481 871 2529 Ita
887 2491 935 2529 te
954 2481 1129 2606 amapzit
1140 2481 1359 2545 Juppiter
1367 2507 1387 2541 2

1127 2571 1154 2607 2

0 1856 21 2056 3

0 2057 23 2314 Ξ
