1650 2826
245 212 336 271 545
672 203 1249 252 CASINA..··
1386 219 1516 262 v.15

244 318 403 381 Nugas
435 316 559 369 istuc·
590 313 743 362 dicere
776 315 896 361 licet.
931 313 1108 376 vapulo
1142 310 1298 359 hercle
1328 327 1415 376 ego
1447 313 1521 357 in-

496 399 620 434 vitus
636 423 649 445 ,
679 400 841 434 tamen

244 462 343 509 Etsi
360 463 541 508 malum
557 461 723 507 merui.
743 462 828 507 hac
850 459 973 506 dabo
991 457 1250 521 protinam,
1266 468 1314 506 et
1331 457 1520 523 fugiam.

660 556 692 589 ο
730 556 760 589 1.
798 554 831 588 Y
869 553 912 586 M
946 553 973 587 Ρ
1010 554 1031 587 1
1069 553 1117 585 o.

1121 613 1283 671 Heus,
1312 613 1490 661 Stalino
1508 647 1521 670 ,

242 688 466 736 Amator!

661 773 682 807 S
720 773 752 807 Τ
790 773 823 806 Α
860 773 890 806 L
924 773 946 806 1
981 774 1017 807 N
1049 772 1098 806 Ο.

386 841 577 889 Occidi!
604 857 827 887 revocor:
853 840 987 901 quasi
1010 855 1112 893 non
1129 838 1345 897 audiam,
1366 838 1522 886 abibo,

608 976 1162 1026 SGENAIV.

250 1118 634 1155 CHALINUS‚
672 1118 1010 1158 STALINO,
1053 1116 1525 1155 CLEOSTRATA,

293 1208 714 1247 MURRHINA,
742 1208 1084 1246 oLYMPIO,
1111 1207 1492 1247 ANGILLAE.

629 1336 1136 1371 CHALINUS.

247 1397 408 1509 UBI
438 1473 492 1509 tu
521 1477 594 1518 eS,
629 1461 715 1521 qui
745 1460 899 1506 colere
932 1468 1085 1505 mores
1112 1458 1412 1519 Massilienses
1440 1463 1529 1522 poss

503 1532 679 1578 stulas?
1156 1535 1167 1548 ²
1193 1532 1196 1535 ’

247 1606 392 1652 Nunc
417 1617 472 1652 tu
496 1605 531 1650 si
550 1605 617 1649 vis
642 1603 1011 1664 subicitare'me,
1035 1602 1186 1664 proba
1212 1613 1279 1648 est
1305 1602 1498 1650 occas-iio.

247 1680 427 1726 Periisti
460 1680 629 1725 hercle.
657 1695 767 1742 age,
791 1677 961 1724 accede
991 1677 1087 1722 huc
1105 1711 1119 1734 ,
1154 1677 1184 1704 *¹
1214 1676 1240 1704 ²³²

807 1772 833 1800 -τε
963 1773 989 1800 :x
1119 1772 1146 1801 ase

673 1856 694 1890 S
734 1856 765 1889 T
802 1856 835 1888 A
873 1857 902 1888 L
940 1857 959 1889 1
996 1858 1029 1890 N
1068 1857 1116 1890 O.

248 1933 351 1980 Hac
379 1933 476 1979 ibo.
515 1932 730 1978 caninam
757 1948 970 1993 scaevam
995 1947 1130 1993 spero
1150 1932 1398 1985 melioxem
1418 1931 1532 1978 fore.

565 2026 592 2057 C
627 2026 656 2057 L
692 2025 722 2057 E
760 2026 798 2058 Ο
830 2025 852 2058 S
893 2025 923 2058 T
960 2027 992 2059 R
1028 2025 1063 2058 A
1100 2025 1130 2058 T
1166 2025 1214 2059 Α.

251 2096 388 2167 Quid
414 2097 506 2160 agis
540 2107 596 2141 tu
622 2095 816 2154 marite,
848 2096 917 2141 mi
946 2096 1048 2142 vir?
1076 2095 1207 2142 unde
1240 2106 1411 2142 ornatu
1436 2095 1528 2140 hoc

505 2167 697 2213 advenis
716 2168 736 2212 Ξ)
1141 2184 1144 2185 ’

251 2240 392 2310 Quid
410 2240 557 2287 fecisti
575 2240 801 2301 scipione,
824 2250 906 2285 aut
925 2239 1061 2300 quod
1079 2240 1282 2287 habuisti
1300 2239 1497 2302 pallium
1511 2238 1532 2280 Ρ

683 2335 717 2368 A
752 2335 785 2368 N
822 2335 849 2366 c
886 2335 907 2367 Ι
943 2335 973 2367 L
1011 2335 1040 2368 1.
1076 2335 1125 2368 A.

251 2401 308 2447 In
351 2401 582 2448 adulterio
627 2401 748 2447 dum
788 2401 1069 2449 moechissat
1111 2401 1352 2458 Casinam,
1393 2400 1533 2446 credo

506 2474 725 2535 perdidit.
