1650 2826
258 228 351 275 390
595 205 1156 254 PROLOGUS
1407 221 1534 266 v.25

259 316 323 362 Ut
349 315 401 360 fit
427 315 476 360 in
498 314 627 360 bello
645 349 659 371 ,
679 314 860 375 capitur
888 315 1002 359 alter
1029 314 1173 359 filius:
1210 309 1211 312 ¹

257 388 477 434 Medicus
504 388 784 433 Menarchus
813 386 928 432 emit
959 387 1140 433 ibidem
1166 387 1215 432 in
1242 386 1401 435 Alidess‘

261 460 434 521 Coepit
473 459 709 521 capteivos
744 459 1031 504 conmercari
1063 459 1140 504 hic
1175 458 1332 516 Alios,

262 532 312 578 Si
340 549 487 593 quem
513 532 713 593 reperire
741 541 896 592 posset
914 565 928 587 ‚
955 548 1055 591 quo
1085 542 1242 577 mutet
1269 548 1410 578 suum

262 604 411 649 Illum
451 604 733 664 capteivom.
777 603 908 651 hunc
949 619 1090 649 suum
1126 619 1219 653 esse
1250 604 1428 661 nescit,
1460 604 1545 665 qui

519 676 655 722 domi
677 676 743 719 ’st.

265 757 328 803 Et
359 755 591 817 quoniam
618 753 720 800 heri
744 751 856 801 inde
880 754 1062 803 audivit
1077 791 1090 814 ,
1117 755 1176 803 de
1200 773 1389 806 summo
1411 759 1521 804 loco

266 829 573 890 Summoque
595 843 763 890 genere
784 837 978 888 captum
1003 846 1096 874 esse
1120 829 1336 890 equitem
1358 830 1549 885 Alium,

267 900 349 946 Nil
377 900 530 961 pretio
561 898 702 959 parsit
718 933 731 954 ,
761 898 858 943 filio
883 899 1002 945 dum
1025 913 1261 962 parceret:

267 971 589 1019 Reconciliare
618 981 673 1015 ut
697 969 873 1015 facilius
896 983 1052 1032 posset
1080 973 1283 1020 domum
1298 1009 1312 1031 ,

268 1046 399 1093 Emit
429 1046 569 1090 hosce
601 1042 660 1088 de
690 1043 863 1105 praeda
891 1046 1056 1092 ambos
1087 1047 1147 1092 de
1178 1048 1532 1117 Quaestoribus.

270 1119 392 1166 Hice
415 1129 578 1164 autem
597 1117 719 1161 inter
737 1133 830 1162 sese
849 1118 979 1164 hunc
997 1120 1333 1166 confinxerunt
1354 1121 1552 1178 dolum,

273 1193 390 1262 Quo
422 1204 563 1254 pacto
594 1190 671 1235 hic
701 1206 854 1236 servos
883 1208 1025 1238 suurn
1046 1193 1218 1239 herum
1237 1194 1349 1240 hinc
1369 1195 1554 1240 amittat

526 1263 745 1309 domum.
1308 1257 1318 1268 ²

275 1347 448 1406 Itaque
480 1344 603 1390 inter
630 1360 676 1389 se
705 1354 991 1390 conmutant
1018 1355 1198 1391 vestem
1227 1356 1274 1391 et
1295 1346 1506 1392 nomina.

274 1420 378 1465 Illic
410 1429 606 1464 vocatur
639 1417 921 1463 Philocrates
941 1418 1055 1475 ‚hic
1087 1417 1352 1480 Tyndarus.

275 1492 434 1554 Hujus
466 1491 586 1546 illic,
608 1490 684 1536 hic
716 1490 838 1536 illius
866 1492 1009 1538 hodie
1035 1493 1123 1538 fert
1148 1493 1416 1558 imaginem.

278 1568 342 1614 Et
370 1567 447 1612 hic
478 1565 623 1611 hodie
653 1565 875 1626 expediet
900 1567 1022 1612 hanc
1049 1566 1189 1612 docte
1211 1565 1468 1625 fallaciam,

279 1639 342 1686 Et
372 1655 512 1683 suum
547 1638 719 1683 herum
746 1636 882 1683 faciet
906 1638 1130 1684 libertatis
1158 1651 1434 1701 conpotem.

281 1711 569 1770 Eodemque
593 1721 734 1771 pacto
766 1708 955 1755 fratrem
986 1711 1186 1757 servabit
1212 1728 1380 1770 suum,

282 1783 630 1843 Reducemque
664 1782 802 1827 faciet
830 1783 1036 1829 liberum
1071 1784 1123 1829 in
1159 1784 1359 1845 patriam
1389 1784 1451 1832 ad
1477 1801 1560 1848 pa-

535 1867 684 1913 trem,

284 1939 558 2003 Inprudens
580 1958 589 1983 :
614 1938 780 1984 itidem
803 1949 858 1984 ut
879 1956 1013 2002 saepe
1027 1941 1126 2004 jam
1157 1940 1207 1986 in
1231 1941 1393 1986 multis
1417 1939 1528 1985 locis

285 2016 396 2063 Plus
423 2013 618 2060 insciens
646 2014 751 2074 quis
781 2013 892 2060 fecit
909 2050 923 2072 ,
954 2031 1099 2075 quam
1133 2015 1340 2077 prudens
1356 2048 1370 2071 ‚
1398 2012 1527 2060 boni.

286 2088 384 2136 Sed
415 2087 660 2133 inscientes
683 2103 763 2133 sua
783 2088 871 2133 sibi
894 2087 1071 2134 fallacia

285 2162 361 2207 Ita
393 2170 708 2221 conpararunt
732 2171 779 2206 et
805 2161 1141 2207 confinxerunt
1167 2160 1365 2207 dolum:

286 2235 459 2293 Itaque
481 2233 531 2277 hi
551 2234 798 2279 conmenti
827 2233 887 2279 de
907 2251 988 2280 sua
1015 2232 1242 2279 sententia
1256 2265 1272 2289 ‚

289 2304 357 2349 Ut
386 2305 437 2349 in
466 2306 687 2350 servitute
714 2305 790 2351 hic
817 2306 878 2352 ad
906 2322 1046 2351 suurn
1077 2312 1262 2349 maneat
1289 2310 1486 2362 patrem.

290 2377 364 2422 Ita
391 2385 523 2420 nunc
558 2377 774 2440 ignorans
805 2394 892 2423 suo
922 2377 1008 2423 sibi
1031 2376 1168 2421 servit
1188 2373 1321 2435 patri.

294 2447 595 2505 Homunculi
630 2449 798 2509 quanti
832 2459 970 2506 sunt,
995 2463 1148 2508 quom
1172 2446 1412 2510 recogito!
