1650 2826
483 198 1095 281 EDITIONES.
1292 208 1437 246 xxlx

422 347 664 398 AETAS
696 347 766 395 IV
803 347 922 406 1605
957 371 1026 381 -·-
1065 345 1188 406 1664

302 435 719 485 GAMERARIO
742 461 764 468 -
795 433 883 479 GR
902 430 1302 478 UTERIANA.

172 551 296 606 Frid.
335 555 534 618 quidem
568 556 657 601 TA
669 567 743 600 ΠΒ
754 567 794 600 Μ
805 566 838 600 A
850 567 882 600 N
899 567 931 600 N
944 565 979 599 U
993 565 1014 599 s
1026 586 1040 609 ,
1072 551 1195 597 Prof.
1225 550 1443 599 Witten4

361 621 592 685 bergensis
609 654 623 677 ,
652 631 758 681 post
783 619 958 680 priores
990 633 1155 663 omnes
1170 616 1321 662 Plauti
1341 616 1443 662 edi-

363 697 487 732 tores
510 695 558 730 et
575 685 872 744 interpretes,
895 696 943 728 et
960 682 1242 743 quicunque
1263 679 1444 741 aliquid

360 750 481 797 boni
502 749 562 794 ad
587 749 741 810 ipsum
764 748 1082 802 contulerant,
1102 745 1294 791 laudem
1307 746 1446 791 Eclo-

423 814 478 859 rii
525 824 838 874 occupaturus
855 846 869 868 ,
922 822 1109 856 textum
1159 810 1447 856 Camerario-

366 831 632 926 gfiousicum
652 877 871 938 expressit
886 911 899 931 ,
918 876 999 920 sed
1009 875 1114 932 Jani
1133 874 1219 921 GR
1229 887 1263 918 U
1274 887 1305 919 T
1315 887 1344 919 Ε
1355 888 1387 920 R
1397 887 1416 918 1
1429 907 1448 930 ‚

368 941 679 988 bibliothecae
694 940 1101 1002 Heidelbergensis
1116 938 1336 1000 praefecti
1355 955 1451 1000 ope

371 1019 420 1053 et
447 1007 622 1052 auxilio
647 1005 792 1051 fultus
810 1040 823 1062 ,
853 1005 990 1050 etiarn
1024 1003 1296 1049 collationes
1335 1019 1450 1049 curn

369 1071 558 1117 duobus
577 1069 706 1116 MSS.
719 1069 963 1115 Camerarii
981 1068 1096 1114 Bibl.
1113 1068 1344 1114 Palatinae
1362 1084 1450 1113 nu-

371 1152 456 1197 per
472 1134 677 1198 adJ'ectis,
693 1134 885 1194 aliisque
898 1133 963 1179 Vl
973 1133 1203 1188 Palatinis,
1218 1144 1451 1192 notasque

373 1199 562 1260 scriptas
577 1199 768 1244 inseruit
790 1197 1127 1244 commentario
1145 1214 1230 1243 suo
1248 1198 1297 1242 in
1314 1197 1452 1242 Plau-

374 1275 481 1309 tum
502 1279 574 1308 an.
600 1263 717 1321 1605
742 1263 1039 1323 publicatum
1054 1280 1066 1312 ;
1096 1278 1244 1322 quem
1263 1262 1325 1307 sic
1344 1263 1453 1325 jure

383 1327 429 1373 T
425 1328 686 1373 aubmanno-
701 1327 1006 1372 Gruterianum
1038 1342 1286 1374 vocamus:
1323 1328 1456 1389 cujus

377 1391 576 1452 quidem
605 1392 783 1452 primae
816 1391 927 1436 edit.
959 1391 1164 1436 vitiosius
1200 1391 1455 1451 exscriptae

365 1452 490 1501 'cum
504 1456 875 1501 Taubrnannum
891 1454 1133 1516 puduisset
1146 1490 1158 1510 ,
1180 1468 1225 1500 et
1237 1455 1353 1498 Phil.
1369 1455 1457 1498 PA-

381 1531 516 1564 REUS
554 1521 650 1582 ejus
688 1519 901 1564 studium
942 1520 1199 1563 aemulatus
1234 1518 1458 1563 Plautum

381 1599 523 1627 suum
556 1582 771 1627 edidisset
803 1599 872 1627 an.
909 1598 924 1626 1
935 1584 962 1626 6
973 1597 988 1626 1
999 1598 1027 1625 o
1042 1616 1055 1637 ,
1101 1582 1144 1626 T
1141 1583 1459 1628 aubmannian&

383 1647 522 1690 altera
536 1661 606 1690 an.
627 1646 680 1690 16
692 1661 707 1689 1
720 1661 742 1691 Ω
765 1646 1242 1706 accuratiusexpressa
1254 1659 1327 1698 ,est
1338 1682 1350 1703 ,
1379 1648 1456 1693 cui

382 1709 466 1771 vix
482 1725 663 1755 annum
684 1710 941 1770 supervixit
958 1721 1131 1755 auctor.
1148 1710 1256 1768 Jam
1276 1711 1458 1760 Pareus,

381 1773 554 1837 gloriae
571 1774 758 1820 Gruteri
778 1785 825 1819 et
836 1774 1136 1819 Taubmanni
1149 1775 1354 1831 invidus,
1370 1793 1461 1821 eos⁴

385 1837 499 1883 dem
524 1838 670 1902 libros
684 1837 831 1900 MSS.
861 1838 1135 1884 conferendi
1165 1842 1351 1901 copiam
1379 1858 1461 1886 na·-

383 1913 484 1947 ctus
499 1937 513 1959 ,
547 1919 658 1948 cum
690 1903 1000 1964 superstitiose
1036 1904 1138 1948 satis
1171 1921 1249 1949 eos
1276 1917 1462 1951 tractas-

384 1977 453 2011 set
467 1999 481 2022 ,
513 1967 694 2012 alteram
726 1983 857 2012 suam
884 1967 993 2012 edit.
1016 1984 1087 2012 an.
1125 1969 1241 2028 1619
1273 1971 1462 2029 prodire

379 2030 541 2093 jussit,
566 2047 688 2090 quae
717 2030 958 2093 derogaret
990 2032 1049 2076 de
1079 2032 1173 2077 fide
1200 2046 1247 2078 et
1273 2036 1463 2096 ingenio

390 2094 594 2150 Gruteri,
609 2106 656 2139 et
668 2095 885 2141 manibus
894 2096 1195 2141 Taubmanni
1209 2099 1461 2145 insultaret.

390 2157 519 2203 Hinc
523 2159 751 2222 jurgium,
763 2161 1016 2216 tumultus,
1026 2159 1227 2207 Grutero
1246 2176 1292 2207 et
1298 2163 1463 2222 Pareo,

390 2221 460 2267 illi
477 2223 722 2281 quondam
744 2226 1055 2285 praeceptori,
1079 2225 1188 2270 huic
1219 2227 1464 2288 discipulo.

392 2286 520 2332 Hinc
534 2286 760 2332 Gruterus
778 2291 965 2344 tertiam,
980 2306 1180 2350 eamque
1196 2308 1255 2336 ex
1264 2294 1466 2356 recogni-

357 2399 362 2403 .
392 2350 525 2396 tione
553 2368 701 2400 suam,
729 2368 839 2397 cum
856 2352 1159 2414 Taubmanni
1174 2355 1356 2402 Comm.
1391 2374 1465 2403 an.

400 2414 486 2463 162
498 2430 518 2461 1
538 2416 763 2463 mendose
779 2416 880 2464 satis
898 2418 1061 2464 edidit.
1081 2419 1251 2469 Fatum
1267 2422 1466 2468 demum
