1650 2826
252 206 344 268 438
585 203 1201 253 CAPTEIVEI.
1398 220 1537 270 κως,-

253 317 371 362 Tuis
395 315 590 361 scelestis
621 315 832 362 falsidicis
857 315 1043 362 fallaciis

255 387 587 435 Delaceravisti
606 423 618 444 ,
645 387 1040 448 deartuavistique
1072 405 1197 449 opes.

257 460 514 506 Confecisti
541 461 693 506 omnis
721 477 790 506 res
825 478 875 507 ac
904 462 1103 508 rationes
1134 478 1272 507 meas.

254 535 327 580 Ita
357 533 425 579 mi
451 533 664 578 exemisti
695 534 1007 580 Philocratem
1040 533 1237 580 fallaciis.

254 609 402 654 Illum
440 623 531 652 esse
564 623 747 652 servom
778 606 984 664 credidi,
1017 617 1065 652 te
1093 607 1312 652 liberum.

259 681 332 726 Ita
362 691 548 726 vosmet
568 679 765 742 ¹ajebatis
782 714 795 735 ‚
825 678 986 739 itaque
1011 678 1207 724 nomina

260 753 392 798 Inter
418 769 501 799 vos
519 751 831 813 permutastis.

634 842 1169 876 TYNDA·RUS.

858 913 1027 959 Fateor
1049 947 1062 970 ,
1090 912 1253 959 omnia

265 987 405 1034 Facta
438 1005 530 1034 esse
563 989 654 1043 ita,
679 999 735 1033 ut
769 998 822 1033 tu
853 988 994 1045 dicis,
1028 998 1073 1033 et
1108 986 1293 1033 fallaciis

267 1060 446 1106 Abiisse
478 1077 592 1105 eum
621 1060 700 1107 abs
729 1070 777 1105 te
794 1095 806 1116 7
832 1077 939 1106 mea
963 1076 1105 1121 opera
1132 1071 1277 1119 atque
1303 1059 1495 1103 astutia:

267 1130 346 1178 An
362 1168 376 1190 ,
402 1132 596 1178 obsecro
628 1133 783 1178 hercle
814 1143 862 1177 te
881 1167 895 1189 ,
920 1132 970 1177 id
993 1147 1124 1177 nunc
1142 1147 1379 1177 succenses
1401 1130 1553 1176 mihi?

758 1233 792 1265 Η
827 1234 857 1265 Ε
897 1234 928 1267 G
966 1234 986 1266 1
1026 1234 1076 1266 o.

268 1302 333 1350 At
361 1320 473 1350 cum
499 1302 707 1348 cruciatu
737 1318 968 1348 maxumo
995 1302 1046 1349 id
1073 1301 1251 1349 factum
1276 1303 1330 1350 ’st
1357 1313 1459 1355 tuo.

641 1403 672 1437 T
710 1403 742 1436 Y
780 1403 811 1436 N
849 1404 885 1438 D
922 1403 953 1435 A
989 1405 1022 1437 R
1059 1403 1094 1436 U
1130 1402 1169 1435 S.

271 1471 407 1519 Dum
427 1489 489 1517 ne
509 1473 573 1518 ob
591 1472 835 1518 malefacta
858 1489 1047 1533 peream
1065 1508 1078 1530 ,
1097 1472 1228 1534 parvi
1251 1483 1479 1520 aestumo.

273 1546 324 1592 Si
346 1564 433 1610 ego
454 1547 532 1592 hic
556 1547 721 1608 peribo
739 1582 753 1604 ‚
773 1558 840 1592 ast
858 1548 937 1592 ille
951 1582 964 1604 ‚
983 1558 1039 1594 ut
1057 1547 1177 1595 dixit
1192 1581 1206 1604 ‚
1224 1561 1325 1592 non
1344 1545 1488 1592 redit:

272 1617 338 1664 At
367 1618 452 1664 erit
481 1620 599 1665 mihi
625 1621 717 1666 hoc
748 1619 927 1665 factum
961 1631 1155 1666 mortuo
1180 1619 1518 1668 memorabile:

276 1692 445 1740 Meum
481 1694 653 1739 herum
691 1704 887 1756 captum
918 1710 978 1740 ex
1002 1693 1258 1751 servitute,
1292 1704 1438 1754 atque
1471 1693 1560 1738 ho-

529 1767 676 1812 stibus

275 1834 523 1883 Reducem
548 1837 703 1882 fecisse
725 1837 929 1882 liberum
953 1835 1002 1882 in
1029 1839 1229 1899 patriam
1255 1838 1316 1884 ad
1337 1850 1519 1901 patrem
1542 1873 1558 1896 ‚

277 1909 546 1970 Meumque
577 1910 737 1971 potius
770 1927 848 1956 me
879 1922 1021 1972 caput
1049 1912 1261 1972 periculo

278 1982 623 2045 Praeoptavisse
639 2019 652 2042 ,
684 2001 832 2046 quam
861 1985 897 2030 is
922 1985 1122 2047 periret,
1145 2002 1339 2047 ponere.

766 2050 814 2115 H·
837 2081 867 2113 Ε
905 2078 936 2112 G
974 2080 993 2112 1
1031 2080 1080 2112 o.

279 2146 440 2195 Facito
466 2164 576 2214 ergo
608 2159 664 2195 ut
692 2147 955 2196 Acherunti
990 2150 1142 2196 clueas
1168 2149 1324 2214 gloria.

657 2249 690 2281 T
725 2249 760 2282 Y
795 2249 828 2282 N
862 2250 898 2282 D
934 2249 967 2282 A
1003 2250 1036 2283 R
1071 2249 1107 2282 U
1146 2249 1184 2282 S.

282 2315 387 2384 Qui
411 2332 496 2377 per
523 2317 752 2363 virtutem
777 2317 1008 2379 perbitat,
1037 2334 1138 2364 non
1165 2317 1335 2363 interit.

771 2412 806 2445 Η
840 2412 870 2446 E
908 2412 940 2446 G
976 2414 996 2446 1
1035 2414 1084 2446 o.
1608 2459 1611 2461 ι

284 2477 498 2548 Quando
531 2495 618 2544 ego
642 2492 691 2527 te
714 2482 940 2543 exemplis
964 2479 1289 2527 excruciavero
1307 2481 1532 2541 pessumis
1546 2514 1560 2537 ‚
