1650 2826
246 248 337 293 54²
667 231 1068 280 CASINA.
1396 255 1523 289 v-QQ

654 356 1111 392 OLYMPIO.

925 425 1082 472 Pudet
1110 427 1278 473 hercle.

561 510 590 543 c
626 510 657 544 1.
691 510 722 544 E
761 512 792 545 o
832 510 855 545 s
893 513 924 545 T
958 514 992 547 R
1028 514 1063 547 A
1099 515 1130 547 T
1166 516 1216 549 A.

1169 586 1271 651 Age
1294 587 1528 636 audacter.

247 656 506 717 Postquam
550 655 817 703 decubuisti
837 691 850 715 ‚
883 657 995 704 hinc
1031 669 1079 705 te
1113 660 1226 706 volo
1265 676 1526 709 memorare

510 729 631 790 quid
660 741 728 776 est
754 729 948 777 factum.

666 824 698 857 o
734 825 764 857 L
801 825 835 858 Y
870 825 914 857 M
949 826 978 858 P
1016 825 1037 858 1
1073 827 1123 860 o.

249 889 314 937 At
343 890 574 956 flagitium
609 904 689 940 est.

561 987 587 1019 c
624 987 655 1019 Ι,
690 987 720 1020 Ε
759 987 791 1020 o
829 986 851 1019 s
889 986 919 1019 T
955 988 989 1021 R
1024 988 1058 1021 A
1095 989 1126 1022 Τ
1158 988 1206 1023 A.

685 1054 940 1102 Cavebunt
958 1057 1043 1117 qui
1065 1057 1300 1105 audierint
1314 1094 1328 1118 ‚
1347 1059 1523 1107 faciam.

662 1149 695 1182 Ο
730 1149 760 1181 L
798 1148 833 1182 Y
868 1147 911 1181 M
946 1149 974 1182 P
1013 1151 1034 1183 1
1070 1151 1118 1184 Ο.

252 1215 277 1244 “⁸'‘
312 1215 421 1263 Hoc
455 1217 605 1281 majus
635 1227 716 1262 est.

565 1310 592 1342 C
628 1310 658 1342 L
694 1310 725 1342 E
763 1311 795 1343 Ο
833 1311 854 1344 S
891 1312 923 1344 T
958 1313 992 1346 R
1027 1313 1062 1346 A
1099 1314 1131 1347 T
1166 1315 1214 1348 A.

825 1379 1010 1426 Perdis:
1042 1381 1164 1442 quin
1189 1394 1246 1429 tu
1269 1383 1454 1447 pergis?

658 1472 690 1505 o
725 1472 757 1505 Ι,
795 1474 830 1505 Y
869 1474 912 1507 M
948 1475 976 1508 Ρ
1016 1476 1036 1508 1
1077 1476 1126 1509 o.
1414 1477 1515 1577 ‘Ub

1518 1547 1531 1574 1

199 1625 202 1630 ,
255 1589 280 1616 *
317 1605 370 1635 us
401 1588 566 1635 subtus
593 1605 736 1650 porro
767 1592 792 1619 ³²²
814 1591 839 1620 ²¹²
863 1592 888 1619 *

254 1664 279 1690 ²³
310 1665 335 1691 ³¹²
374 1663 530 1725 quid?

672 1751 703 1784 Ο
741 1751 771 1785 L
806 1751 840 1784 Y
875 1751 919 1784 ῙΜ
955 1753 984 1785 P
1019 1753 1040 1785 1
1079 1753 1128 1787 Ο.

577 1816 745 1864 Babae.

566 1886 1217 1949 CLEOSXTRATA.

802 1980 974 2050 Quid?

669 2075 1117 2111 OLYMPIO.

1012 2142 1176 2208 Papae.

253 2220 269 2233 ··
311 2221 334 2233 ψ
380 2219 461 2253 est.

663 2287 696 2319 Ο
733 2288 762 2320 L
798 2288 834 2321 Y
870 2289 912 2322 M
949 2290 976 2322 P
1013 2290 1033 2322 I
1070 2290 1117 2321 0·

481 2355 589 2413 Oh,
619 2367 714 2402 erat
739 2374 1036 2404 maxumum·

255 2423 280 2450 ²³²
321 2425 346 2451 '⁸³
379 2424 572 2469 haberet
608 2429 788 2473 metui:
823 2429 875 2473 id
902 2445 1123 2490 quaerere
1159 2429 1331 2490 occepi·
