1650 2826
246 192 305 239 ῳ
556 177 1220 234 AMPHITRUQ
1374 168 1533 251 ’ψη

737 301 1030 338 sosrA.

991 374 1085 419 Nec
1099 379 1288 437 gannio,
1310 396 1385 424 nec
1405 381 1533 428 latro.

240 440 292 488 Si
307 457 374 487 me
391 441 543 489 audias
556 479 572 492 ,
593 444 791 492 observes.
809 449 946 492 nescio
965 448 1070 511 quid
1084 466 1225 494 secum
1245 452 1382 508 solus,
1394 466 1528 516 puto,

238 513 442 561 Rationes
472 518 678 579 conligit:
706 519 811 582 quid
826 533 1050 570 memoret,
1079 521 1177 568 lzinc
1210 526 1448 590 excipiam,
1479 545 1531 574 ne

485 608 684 656 propera.

577 686 614 719 A
650 686 693 719 Μ
727 687 755 720 P
792 685 826 719 H
862 687 882 719 1
919 687 951 719 Τ
987 689 1022 722 R
1057 689 1092 721 U
1129 690 1178 723 Ο.

241 752 301 801 Ut
330 766 497 804 metuo,
517 773 570 800 ne
602 757 729 801 victis
761 754 947 800 hostibus
971 754 1058 801 Dii
1071 769 1250 820 partam
1276 774 1530 824 expungant

490 830 717 890 gloriam!

240 900 398 947 Totam
413 903 535 947 miris
552 903 687 950 modis
709 913 900 948 nostram
917 902 1035 950 video
1060 904 1279 951 turbatam
1284 906 1527 970 familiam.

241 972 354 1020 Tum
398 990 495 1020 vero
530 990 642 1018 uxor
677 975 808 1021 vitio,
842 986 1016 1038 stupro.
1058 974 1254 1022 dedecore
1296 995 1362 1024 me
1385 981 1522 1044 plena

488 1060 641 1093 enzcat.

230 1119 318 1167 Sed
335 1120 384 1166 de
393 1132 554 1185 patera
572 1122 729 1165 mirum
747 1119 827 1164 ’st.·
857 1132 952 1166 erat
974 1132 1115 1167 tamen
1134 1124 1306 1183 signum
1325 1124 1527 1186 obsigna-

494 1206 585 1239 tum
607 1188 753 1258 probe.¹
1452 1200 1457 1202 “

230 1266 355 1342 Quid
371 1269 482 1313 enim
499 1270 528 1311 ,ἓ
545 1284 723 1332 pugnas
733 1280 959 1331 pugnatas
970 1268 1227 1333 prolocuta,
1248 1282 1290 1316 et
1305 1270 1525 1323 Pterelam

486 1353 806 1406 oppugnatum,
1477 1401 1486 1411 ⁸

228 1415 406 1462 Nostris
442 1418 626 1462 occisum
663 1417 859 1463 manibus
884 1416 1088 1481 fortiter.
1134 1421 1268 1464 atat!
1309 1423 1407 1467 novi
1421 1424 1523 1487 jam

489 1491 635 1536 ludum
652 1509 665 1535 .·

225 1563 285 1612 ld
301 1563 447 1608 Sosiae
452 1563 635 1627 factum
656 1563 710 1607 'st
732 1579 879 1627 opera,
899 1565 974 1626 qui
995 1580 1061 1609 me
1086 1563 1206 1609 hodie
1224 1581 1380 1628 quoque
1387 1582 1525 1635 prae-2

486 1648 645 1682 sentem
679 1648 795 1681 auszt

223 1710 411 1773 Indigne
421 1711 724 1774 praevortier..

721 1792 743 1826 S
782 1793 814 1826 Ο
857 1793 879 1826 S
917 1792 940 1824 I
975 1792 1023 1826 A.

630 1868 703 1915 De
721 1886 789 1914 me
811 1870 1002 1915 locutus,
1025 1879 1068 1913 et
1088 1885 1196 1930 quae
1211 1870 1338 1916 velim
1358 1873 1515 1917 minus.

221 1934 449 1981 Hominem
477 1951 529 1981 ne
553 1935 904 1996 congrediamur,
941 1949 1122 1996 quaeso,
1147 1936 1398 1998 priusquam
1425 1947 1516 1982 sto-
1644 1954 1650 1995 ᾗ

483 2008 683 2055 maehum
713 2007 935 2053 detexerit.

609 2111 640 2143 B
676 2112 708 2144 L
742 2111 772 2144 E
809 2110 837 2145 P
874 2081 979 2142 H¹A
1012 2110 1047 2143 R
1083 2109 1130 2143 0-

227 2161 430 2209 Utlubet.

565 2241 600 2273 A
637 2239 680 2273 M
717 2239 744 2272 P
782 2240 816 2273 H
852 2240 871 2272 Ι
910 2239 942 2272 Τ
980 2239 1013 2272 R
1049 2239 1084 2272 U
1122 2239 1169 2271 O.

349 2317 401 2362 Si
428 2319 550 2363 illum
579 2319 710 2364 datur
742 2319 860 2364 hodie
886 2320 1137 2379 mastigium
1167 2317 1504 2382 apprehendere.

318 2451 321 2452 ⁷
481 2394 698 2438 ostendam
729 2393 833 2456 quid
860 2395 921 2438 sit

220 2461 388 2510 Herum
403 2463 592 2528 fallere,
614 2467 741 2510 minis
761 2477 804 2510 et
822 2465 930 2512 dolis
948 2467 1162 2509 incessere.
