1650 2826
335 34 355 60 l

224 162 319 224 356
548 162 1178 214 BACCHIDES.
1381 171 1508 221 v.82

589 287 1158 322 NICOBULUS.

225 331 462 407 Ausculta,
481 376 624 421 porro
641 394 655 417 ,
683 359 805 406 dum
836 361 929 407 hoc
949 396 962 419 ,
990 362 1127 423 quod
1153 362 1383 411 scribtum
1410 376 1507 423 est,

477 436 677 498 pellego.

573 528 599 558 C
637 528 669 560 H
706 529 739 561 R
775 528 808 560 Y
847 527 868 560 S
907 527 941 560 A
976 527 1006 559 L
1043 529 1078 561 U
1117 528 1180 561 S.⁴

222 596 344 643 Inde
369 613 395 642 a
416 596 651 658 principio
672 597 774 660 jam
796 595 1034 658 inpudens
1061 597 1255 659 epistola
1277 599 1345 643 ’st.

575 689 609 721 N
645 689 664 720 I
701 689 728 720 C
766 690 797 722 O
835 689 862 720 Β
902 688 936 720 U
971 689 1001 721 L
1038 690 1071 723 U
1111 690 1148 724 S·

222 759 382 805 Pudet
405 758 594 819 prodire
622 774 701 803 me
725 757 784 802 ad
807 768 855 802 te
885 757 934 802 in
959 770 1294 820 conspectum,
1311 771 1471 822 pater:

223 835 440 880 Tantum
471 832 705 896 flagitium
731 843 778 877 te
807 832 919 878 scire
942 828 1103 903 audivi
1130 851 1326 892 meum,

225 909 379 979 Quod
406 925 518 953 cum
550 906 783 970 peregrini
816 907 964 953 cubui
986 924 1136 954 uxore
1161 909 1335 954 militis.

223 982 314 1027 Pol
342 981 472 1027 haud
503 980 696 1025 derides.
738 996 849 1025 nam
882 981 1096 1027 ducentis
1127 982 1276 1028 aureis

225 1055 454 1117 Philippis
472 1040 653 1100 redemi
677 1054 823 1100 vitam
852 1071 911 1100 ex
933 1054 1109 1119 flagitio
1134 1066 1281 1101 tuam.

574 1148 600 1179 C
637 1147 670 1179 H
706 1147 739 1180 R
775 1147 808 1183 Y
845 1146 867 1180 S
905 1147 939 1179 A
974 1148 1005 1180 L
1040 1147 1075 1180 U
1111 1147 1150 1180 S.

221 1224 356 1270 Nihil
387 1234 452 1269 est
480 1223 700 1278 illorum,
724 1221 844 1282 quin
869 1237 956 1285 ego
985 1221 1053 1266 illi
1083 1221 1297 1267 dixerim.

581 1317 614 1349 N
649 1316 669 1348 1
705 1317 731 1348 c
769 1316 800 1348 o
838 1317 869 1370 Β
904 1317 938 1349 U
967 1294 1004 1350 Ἰ,
1039 1317 1075 1349 U
1111 1316 1148 1350 s.

223 1391 379 1437 Stulte
406 1389 561 1435 fecisse
591 1387 751 1433 fateor.
783 1388 865 1434 sed
897 1406 1098 1450 quaeso,
1125 1400 1287 1451 pater,

222 1465 297 1510 Ne
325 1480 430 1520 me⁷
459 1463 508 1507 in
541 1462 738 1507 stultitia
767 1462 801 1506 si
830 1462 1034 1523 deliqui,
1061 1463 1248 1509 deseras.

222 1537 327 1600 Ego
358 1535 520 1581 animo
545 1534 722 1595 cupido
743 1569 757 1591 ‚
781 1546 928 1595 atque
951 1536 1097 1581 oculis
1120 1533 1362 1602 indomitis
1383 1533 1466 1581 fui.

222 1608 498 1654 Persuasum
513 1607 565 1652 ’st
585 1606 733 1652 facere
747 1641 759 1663 ‚
780 1609 953 1671 quojus
969 1623 1100 1653 nunc
1114 1624 1192 1652 me
1207 1605 1317 1653 facti
1332 1606 1497 1668 pudet.

222 1680 354 1725 Prius
387 1690 435 1725 te
476 1678 643 1724 cavisse
680 1695 821 1743 ergo,
857 1696 1005 1741 quam
1037 1679 1219 1742 pudere
1241 1713 1255 1737 ,
1290 1693 1498 1739 aequom

475 1749 580 1795 fuit.

579 1849 1179 1899 CVHRYSALUSJr

221 1916 403 1966 Eadem
425 1916 562 1962 istaec
583 1915 727 1962 verba
757 1915 946 1962 dudum
973 1916 1043 1962 illi
1072 1916 1171 1962 dixi
1194 1915 1367 1968 omnia,

573 2010 607 2043 N
642 2010 662 2042 Ι
699 2010 725 2041 c
763 2010 794 2042 o
830 2011 859 2043 Β
895 2011 930 2043 U
966 2011 996 2044 L
1032 2010 1068 2043 U
1105 2011 1143 2044 s.

222 2085 413 2153 Quaeso
427 2117 440 2139 ‚
468 2094 522 2128 ut
542 2095 608 2129 sat
632 2085 799 2130 habeas
822 2085 898 2142 id,
917 2097 1048 2147 pater
1062 2120 1074 2143 ‚
1097 2085 1234 2146 quod
1251 2082 1492 2146 Chrysalus

219 2154 301 2209 Me
330 2154 595 2218 objurgavit
617 2157 830 2217 plurimis
856 2158 1008 2210 verbis
1034 2159 1190 2215 malis,
1234 2170 1238 2175 ’
1279 2204 1287 2214 χ

220 2228 283 2274 Et
311 2244 390 2272 me
417 2229 667 2294 'meliorem
698 2230 808 2277 fecit
833 2221 1087 2294 praeceptis
1115 2233 1233 2289 suis,

222 2299 287 2345 Ut
318 2311 365 2345 te
397 2302 439 2346 ei
472 2303 646 2354 habere
675 2304 867 2367 gratiam
895 2322 1103 2366 aequom
1124 2305 1180 2350 sit
1206 2305 1395 2351 bonam.

568 2368 1144 2424 c'HRYsALUs.

222 2447 365 2493 Estne
396 2447 513 2493 istuc
545 2447 643 2493 istic
667 2450 925 2495 scribtum?
