1650 2826
193 196 290 238 270
515 175 1149 225 AULULARIA.
1346 194 1469 238 v.27

155 295 168 309 ⁰
193 291 232 336 A
265 290 452 336 sinistris
483 289 688 337 cantitat.
717 289 792 351 qui
816 289 915 333 auri
937 299 1074 334 custos
1098 286 1235 334 hercle
1255 289 1355 335 olim
1370 302 1474 338 ‘tra-¹

451 362 580 408 ditur.

194 438 298 486 Ibo,
329 447 371 483 et
405 436 550 482 aulam
584 433 801 500 referam.-
831 434 945 499 quod
976 434 1100 480 illaec
1125 435 1233 481 mila·
1262 436 1359 483 bene
1385 437 1476 484 avis

449 520 630 555 occznat.

295 656 1384 719 SUPPLEMENTUM

492 793 1189 843 AULULARIAE

201 927 366 974 ANT.
405 926 669 973 CODRO
715 925 1002 984 URCEO,
1038 927 1158 986 Italp
1194 927 1479 978 Scholastico

268 1012 316 1046 et
346 999 605 1045 Professore
638 998 952 1056 Bononiensi,
992 1011 1206 1059 auctore,
1246 1004 1332 1064 qui
1361 1004 1481 1051 vixit

266 1073 356 1120 sub
376 1073 532 1134 Impp.
552 1071 854 1135 Sigismundo
879 1082 925 1117 et
947 1071 984 1117 F
985 1071 1183 1122 riderico
1206 1075 1278 1121 III
1297 1075 1448 1142 Augg.

391 1153 413 1181 ⁸
435 1217 481 1227 ...
515 1217 561 1227 -.
597 1217 643 1227 -
681 1187 818 1247 quod
847 1202 950 1233 non
984 1187 1154 1234 habeo.

561 1293 1130 1329 LYCONIDES.

1181 1364 1359 1413 Feram.

223 1436 462 1558 WLIS
485 1500 593 1547 nolis
608 1518 627 1548 ,·
650 1518 777 1565 quum
809 1512 849 1546 te
876 1501 1187 1567 quadrupedem
1214 1507 1454 1553 strinxere:

210 1577 271 1626 Ec
301 1578 511 1622 herniosos
541 1587 663 1621 testes
692 1575 751 1621 ad
776 1575 936 1620 trabem
961 1577 1041 1621 eibi

211 1651 434 1698 Divellam
463 1666 653 1714 appenso·
683 1649 770 1694 Sed
793 1666 868 1695 cur
891 1652 933 1695 in
952 1649 1115 1714 fauces
1142 1668 1283 1698 moror

212 1727 361 1792 Hujus
385 1726 552 1770 scelesti
580 1741 700 1770 ruere
718 1727 745 1769 ἓ
781 1737 822 1770 et
851 1725 1038 1769 animam
1059 1727 1261 1789 protinus

215 1797 307 1843 Cur
330 1813 416 1846 ¹non
451 1797 632 1860 conpello
652 1796 808 1860 facere
838 1799 920 1841 iter
939 1799 1304 1861 praeposterum?

215 1868 342 1928 Das,
373 1886 428 1916 an
459 1871 586 1916 non?

577 1962 1241 2011 STROBILUS.x

604 2032 746 2079 Dabo.

568 2125 1140 2162 LYCONIDES.

771 2204 865 2251 Des
891 2217 940 2251 ut
961 2223 1101 2254 nunc,
1126 2220 1208 2252 non
1238 2203 1366 2250 olim,
1388 2201 1493 2250 volo.

580 2307 1140 2343 STROBILUS.

223 2380 297 2427 Do
310 2383 407 2448 jam
425 2400 438 2426 .·
468 2384 543 2427 sed
561 2401 626 2428 me
653 2387 839 2430 animam
866 2386 1045 2446 recipere
1072 2383 1218 2430 sinas,
1252 2391 1292 2427 te
1313 2396 1428 2443 rogo.

224 2456 294 2502 Ah
317 2455 371 2503 alz
391 2457 408 2500 Ι
430 2456 553 2519 quid,
582 2469 630 2502 ut
656 2458 772 2504 dem,
789 2458 957 2520 poscis,
987 2454 1081 2501 ltere
1098 2456 1128 2500 ἓ
