1650 2826
258 174 348 234 3&
577 171 1211 221 BACCHIDES
1447 179 1537 224 γε

595 293 1175 327 NICOBULUS.

254 362 388 408 Bone
412 378 563 418 serve,
585 362 720 408 salve.
753 363 874 424 quid
893 363 946 408 fit
960 364 981 407 Ρ
1011 380 1157 424 quam
1178 380 1297 410 mox
1313 366 1486 430 navigo
1534 388 1536 390 ·

255 435 314 480 In
345 435 615 496 Ephesum,
652 446 707 481 ut
737 453 906 482 aurum
940 449 1151 497 repetam
1185 436 1245 482 ab
1279 438 1538 485 Theotimo

510 507 712 553 domum
730 509 751 553 Ρ

255 577 437 624 Taces?
460 595 544 639 per
569 596 734 625 omnes
758 580 885 626 Deos
905 579 1070 643 adjuro
1085 613 1098 635 ‚
1123 589 1179 624 ut
1202 581 1253 625 ni
1277 597 1444 627 meum

257 651 473 697 Gnatum
497 664 596 697 tam
615 669 791 710 amem,
816 664 961 713 atque
985 652 1027 697 ei
1054 650 1172 698 facta
1197 653 1386 714 cupiar'n
1408 671 1530 715 quae

510 726 545 771 is
573 727 688 772 velit
708 762 721 783 ‚
1024 732 1028 743 ’

255 797 322 844 Ut
346 788 427 844 tuax
450 798 546 860 jam
562 799 698 862 virgis
718 800 860 844 latera
883 800 1146 844 lacerentur
1171 798 1322 860 probe
1343 834 1358 857 ‚

257 870 571 932 Ferratusque
599 871 649 916 in
682 871 879 932 pistrino
908 883 1109 918 aetatem
1139 883 1360 918 conteras.

258 943 438 989 Omnia
459 943 622 991 rescivi
646 946 813 989 scelera
845 961 905 989 ex
926 945 1220 991 Mnesilocho
1247 956 1341 993 tua.

272 1046 286 1072 x
613 1036 1193 1071 CHRYSALUS.

255 1102 385 1149 Men’
405 1103 655 1150 criminatu
673 1106 725 1148 ’st
737 1104 758 1147 ?
779 1115 980 1165 optume
995 1105 1076 1149 ’stt
1099 1120 1188 1168 ego
1207 1121 1312 1150 sum
1330 1107 1502 1163 malm,

256 1175 359 1238 Ego
387 1192 491 1220 sum
514 1193 635 1221 sacer
654 1211 666 1231 ‚
691 1177 931 1222 scelestus:
965 1186 1122 1237 specta
1137 1191 1241 1222 rem
1266 1178 1431 1226 modo.

257 1248 359 1313 Ego
389 1249 592 1295 verbum
627 1249 807 1296 faciam.

616 1342 1194 1379 NICOBULUS.

812 1411 819 1419 ’
863 1412 1045 1470 Etiam,
1073 1413 1326 1471 carnufex,

259 1474 512 1525 Minitare?

607 1554 633 1586 C
669 1552 703 1585 H
739 1555 771 1587 R
808 1554 842 1587 Y
881 1555 902 1587 S
939 1555 974 1588 A
1009 1555 1038 1588 L
1075 1556 1110 1588 U
1148 1556 1186 1589 S.

515 1622 523 1625 ”
553 1618 726 1666 Nosces
745 1631 800 1666 tu
823 1621 959 1667 illum
985 1633 1202 1682 actutum
1224 1623 1371 1683 qualis
1397 1622 1466 1668 sit.

261 1691 404 1738 Nunc
430 1693 563 1738 hasce
591 1693 780 1738 tabellas
809 1693 927 1740 ferre
963 1712 1041 1741 me
1066 1695 1201 1758 jussit
1225 1695 1326 1744 tibi.

263 1763 444 1808 Orabat
462 1798 474 1820 ,
495 1775 549 1809 ut
565 1798 579 1820 ,
603 1764 740 1824 quod
760 1764 861 1810 istic
889 1777 1002 1811 esset
1027 1767 1254 1813 scribtum
1273 1802 1286 1825 ,
1314 1768 1364 1814 id
1393 1769 1534 1815 fieret.

618 1857 1191 1894 NICOBULUS.

261 1907 407 1964 Cedo.

619 1987 646 2019 C
683 1987 716 2019 H
752 1989 785 2022 R
823 1989 855 2021 Y
895 1989 918 2022 S
955 1989 991 2023 A
1025 1990 1056 2023 L
1092 1990 1126 2022 U
1163 1990 1201 2024 S.

391 2053 544 2099 Nosce
565 2053 766 2118 signum.

614 2148 1186 2186 NICOBULUS.

873 2219 1012 2267 Novi.
1042 2221 1124 2267 ubi
1152 2221 1249 2282 ipse
1279 2220 1375 2265 est?

605 2311 631 2341 c
669 2311 703 2343 Η
739 2311 771 2344 R
808 2313 840 2344 Y
879 2311 900 2345 S
938 2312 971 2345 A
1005 2314 1034 2345 L
1073 2313 1108 2345 U
1144 2313 1181 2346 s.

1349 2365 1531 2412 Nescio.
1555 2386 1557 2389 ·

262 2427 392 2475 Nihil
410 2430 511 2493 jam
528 2449 605 2477 me
631 2446 819 2494 oportet
844 2437 981 2481 scire:
1011 2437 1183 2482 oblitus
1207 2454 1311 2483 sum
1337 2440 1510 2505 omni-17
