1650 2826
195 186 317 231 nra-5
479 166 768 218 ACTUS
810 168 913 216 IV.
969 168 1076 216 SC.
1121 170 1205 216 11.
1374 173 1463 232 583

485 279 1192 322 LAMPAnrsctss.

702 357 920 422 Pergin'?

461 457 1197 493 PHANOSTRATA.

962 530 1091 580 Haec
1115 544 1238 580 sunt.

477 623 1185 661 LAMPADISCUS.

1272 683 1321 732 Si
1342 687 1462 733 mihi

194 756 298 802 Alia
318 756 488 803 mulier
509 757 625 804 istoc
641 769 780 819 pacto
799 745 945 816 dicat,
965 759 1119 806 dicam
1137 775 1229 805 esse
1247 759 1437 806 ebriam.

470 860 1188 896 PHANOSTRATA.

192 926 305 974 Non
333 939 507 974 ecastor
527 944 645 974 cassa
665 945 897 976 memoro.
923 944 1036 976 nam
1051 962 1066 988 ,
1084 930 1277 977 obsecro
1290 965 1304 989 ‚
1328 930 1461 977 unde

443 1002 556 1047 haec
581 1002 797 1065 gentium
812 1003 835 1048 Ρ
1092 1043 1100 1047 ,

190 1071 290 1118 Aut
307 1073 412 1133 quis
426 1073 556 1118 Deus
573 1075 745 1137 objecit
762 1076 882 1121 hanc
894 1076 1003 1123 ante
1019 1077 1194 1123 ostium
1210 1076 1458 1122 nostrum?

439 1161 571 1205 quasr

192 1217 367 1264 Dedita
396 1235 537 1280 opem
564 1220 613 1264 in
640 1230 855 1282 tempore
891 1224 993 1284 ipso
1020 1223 1133 1285 Spes
1159 1223 1279 1268 mihi
1305 1233 1459 1268 sancta

438 1293 672 1339 subvenit.

544 1426 582 1472 S
632 1425 670 1471 C
712 1425 757 1471 E
797 1426 852 1472 N
883 1427 925 1472 Α
989 1427 1087 1473 II.

208 1561 489 1600 HALISCA,
514 1561 961 1604 LAMPADrScUS,
989 1538 1436 1598 PHANoSTRATA.

602 1687 1036 1720 HALISCA.

189 1758 391 1869 NISI
428 1822 550 1884 quid
581 1824 701 1869 mihi
732 1824 833 1885 opis

190 1893 276 1939 Dii
295 1894 434 1953 dant,
460 1896 671 1956 disperii:
699 1912 885 1956 neque,
909 1895 1039 1941 unde
1061 1895 1291 1941 auxilium
1312 1912 1457 1962 expe-

438 1979 565 2024 tam,
594 1968 762 2014 habeo.

188 2039 358 2098 Itaque
379 2040 640 2100 petulantia
662 2056 770 2085 mea
792 2055 872 2085 me
892 2038 1037 2084 anirni
1057 2038 1272 2084 miseram
1288 2038 1453 2085 habet:

192 2111 330 2180 Quae
359 2112 409 2156 in
438 2124 626 2175 tergum
655 2128 820 2157 meum
849 2127 911 2157 ne
929 2110 1123 2172 'veni-at,
1149 2111 1272 2156 male
1294 2109 1458 2155 formi-

439 2183 502 2230 do
525 2203 535 2229 :

190 2253 239 2300 Si
254 2257 364 2302 hera
383 2272 489 2302 mea
503 2258 614 2304 sciat
626 2294 638 2316 ,
657 2270 755 2305 tam
773 2257 1017 2304 socordem
1035 2272 1127 2302 esse
1140 2290 1154 2313 ,
1170 2273 1317 2317 quam
1333 2273 1455 2302 sum.

191 2329 413 2397 Quamne
439 2330 488 2375 in
514 2331 732 2378 manibus
753 2331 887 2378 tenui
908 2339 1052 2392 atque
1072 2330 1229 2390 accepi
1247 2329 1323 2375 hic
1345 2344 1457 2375 ante

438 2403 562 2451 aedis

1101 2477 1199 2522 Οο
1231 2493 1264 2537 4
