1650 2826
100 199 226 243 v.14
409 175 697 227 ACTUS
749 177 808 225 V.
864 175 971 225 SC.
1026 179 1064 224 Ι.
1285 198 1375 242 459

102 291 268 346 Pater,
293 299 341 335 et
351 287 564 350 poteris,
589 297 636 332 et
654 301 746 349 ego
772 296 969 347 potero:
997 296 1044 331 et
1063 285 1146 331 Dii
1166 302 1269 333 eam
1290 304 1379 348 po-

356 369 569 405 testatem
601 357 786 404 dabunt
800 392 816 414 ,

104 431 169 478 Ut
204 430 490 478 beneficium
523 430 849 476 benemerenti
879 441 1039 477 nostro
1067 431 1237 477 merito
1266 449 1376 479 mu-

351 517 495 548 neres.

104 574 234 623 Sicut
270 585 326 621 tu
364 574 475 620 huic
514 585 649 635 potes
677 584 853 636 ‚pater
883 575 984 632 mi,
1022 575 1173 622 facere
1204 577 1374 622 merito

356 662 595 692 maxume.

583 747 618 780 H
653 748 683 780 Ε
721 747 753 780 G
789 749 809 780 1
844 748 893 781 Ο.

104 815 240 888 Quid
259 816 372 878 opu’
390 826 431 861 st
446 814 598 861 verbis
613 814 635 859 Ξ)
659 813 820 877 lingua
842 814 974 860 nulla
986 815 1040 860 ’st
1054 849 1068 872 ,
1089 831 1185 877 qua
1201 831 1373 881 negem

355 886 599 949 quidquid
626 902 772 950 roges.

363 975 1088 1036 'PHILocRATEs.

66 1069 69 1071 ·
104 1047 297 1096 Postulo
330 1049 410 1094 abs
439 1060 487 1094 te
512 1084 526 1104 ,
554 1058 610 1094 ut
643 1049 761 1092 mihi
802 1049 939 1095 illum
972 1048 1135 1095 reddas
1165 1066 1377 1110 servom,

360 1137 507 1180 quern
534 1120 610 1165 hic
641 1120 922 1179 reliqueram
1357 1163 1361 1165 .

105 1193 279 1256 Pignus
301 1207 388 1252 pro
407 1207 486 1236 me
501 1225 514 1246 ,
534 1192 620 1251 qui
636 1191 755 1236 mihi
773 1193 963 1250 melior,
984 1209 1132 1255 quam
1150 1195 1237 1241 sibi
1258 1212 1378 1242 sem-

359 1280 444 1325 per
467 1263 580 1309 fuit:

111 1338 202 1383 Pro
232 1335 487 1382 benefactis
525 1337 622 1399 ejus
654 1337 739 1382 utie
757 1336 798 1381 ei
828 1335 1038 1396 pretium
1069 1338 1244 1398 possim
1272 1340 1379 1384 red-

364 1408 487 1454 dere.
839 1451 847 1456 .

593 1493 627 1526 H
664 1493 694 1525 E
730 1491 762 1524 G
797 1492 819 1524 I
854 1492 901 1525 O.

112 1563 265 1634 Quod
292 1561 563 1608 benefecisti
579 1595 593 1618 ,
626 1561 850 1607 referetur
876 1562 1018 1626 gratia
1034 1596 1048 1619 ‚
1071 1563 1123 1608 id
1142 1565 1278 1625 quod
1297 1583 1383 1628 po-
1411 1610 1419 1614 ,

362 1638 500 1682 stulas
517 1671 531 1692 ,

117 1709 178 1755 Et
199 1708 251 1753 id
262 1703 282 1766 ,⁸
304 1720 352 1754 et
374 1708 503 1754 aliud
518 1743 533 1765 ‚
561 1707 696 1770 quod
719 1724 798 1753 me
824 1707 972 1754 orabis
986 1743 1001 1766 ‚
1015 1709 1279 1772 inpetrabis.
1310 1724 1378 1758 at-

366 1800 462 1844 que
489 1794 536 1829 te
566 1835 570 1840 .

113 1856 277 1903 Nolim
304 1873 595 1912 succensere,
617 1855 753 1917 quod
776 1872 863 1919 ego
890 1856 1029 1903 iratus
1052 1858 1095 1902 ei
1122 1858 1211 1904 feci
1239 1861 1374 1906 male.

397 1954 1097 1989 PHILOCRATES.

116 2022 251 2092 Quid
281 2022 428 2068 fecisti
445 2023 467 2068 Ξ)

596 2109 631 2141 Η
663 2108 693 2140 Ε
731 2108 764 2141 G
798 2107 819 2139 1
856 2108 902 2140 ο.

437 2177 495 2222 In
520 2176 788 2238 lapicidinas
820 2176 1133 2236 conpeditum
1160 2164 1375 2236 condidi,

118 2247 213 2295 Ubi
240 2250 401 2297 rescivi
428 2249 546 2295 mihi
573 2249 680 2294 data
712 2265 803 2293 esse
824 2249 978 2294 verba.

402 2343 1100 2378 PHILOCRATES.

912 2408 1011 2456 Vae
1038 2411 1204 2456 misero
1237 2412 1378 2457 mihi!
