1650 2826
236 189 329 236 370
557 173 1186 226 BACCHIDES.
1351 184 1514 242 v.148

233 284 454 331 Domum
484 283 662 332 reduco
698 286 938 351 integrum
964 303 1161 334 omnem
1191 287 1304 334 hinc
1339 291 1515 336 exerci-

488 367 608 402 tum.

237 428 331 476 Sed
348 465 361 487 ‚
385 440 695 492 spectatoreS‚
717 446 801 476 vos
829 448 960 477 nunc
983 449 1044 479 ne
1067 434 1334 491 miremini,

233 504 386 572 Quod
406 520 506 550 non
524 504 786 565 triumpho.
808 507 1138 571 pervolgatum
1155 509 1227 566 ’st,
1252 508 1320 553 nil
1337 525 1510 555 moror.

233 574 578 622 Verumtamen
599 578 888 639 accipientur
908 563 1063 626 mulso
1086 581 1268 627 milites,

232 649 374 696 Nunc
398 651 519 696 hanc
543 650 767 710 praedam
796 668 993 712 omnem
1009 654 1107 717 jam
1131 653 1192 699 ad
1213 665 1509 715 quaestorem
1550 684 1553 685 ν

487 722 708 770 deferam.

644 874 963 924 SCENA
1028 874 1084 921 X.

549 1006 1196 1066 PH1LoxENUS.

231 1112 502 1279 QUAM
533 1178 677 1241 magis
718 1178 769 1223 in
802 1190 996 1239 pectore
1034 1195 1146 1224 meo
1182 1179 1356 1239 foveo,
1391 1199 1504 1244 quas

482 1266 618 1295 meus
645 1249 767 1294 filius
800 1250 958 1295 turbas
987 1249 1175 1307 turbet,

230 1325 391 1395 Quam
418 1341 465 1370 se
489 1324 548 1370 ad
572 1324 718 1370 vitam
733 1359 746 1381 ,
771 1334 819 1369 et
843 1340 963 1384 quos
993 1323 1053 1368 ad
1078 1339 1257 1369 amores
1282 1324 1521 1386 praecipi--

480 1409 580 1443 tem
604 1398 794 1443 inscitus
822 1409 1051 1458 capessat,

228 1469 374 1533 Magis
402 1486 539 1516 curae
574 1482 659 1527 est,
685 1470 929 1534 magisque
955 1470 1204 1516 afformido
1220 1505 1234 1528 ,
1260 1486 1322 1517 ne
1343 1471 1378 1517 is
1399 1489 1507 1533 per-

482 1555 580 1601 eat,
608 1561 705 1590 neu
740 1556 1094 1605 conrumpatur.

231 1616 352 1663 Scio.
381 1634 468 1681 ego
494 1616 565 1662 fui
590 1616 668 1662 illa
693 1627 872 1674 aetate,
906 1627 954 1662 et
979 1616 1069 1662 feci
1095 1617 1174 1663 illa
1205 1615 1394 1665 omnia3
1423 1615 1505 1661 sed

482 1706 616 1735 more
642 1690 874 1737 modesto.

229 1763 396 1820 Duxi,
426 1762 572 1818 habui
603 1774 811 1808 scortum
831 1797 844 1820 ,
867 1762 1191 1824 potavi„edi,
1222 1761 1410 1809 donavi.
1456 1773 1504 1808 et

483 1834 611 1879 enim
637 1833 687 1879 id
716 1850 831 1879 raro.

228 1908 401 1969 Neque
421 1907 647 1969 placitant
665 1923 817 1952 mores
833 1941 846 1963 ,
868 1906 1042 1968 quibus
1065 1906 1207 1952 video
1230 1908 1374 1971 volgo
1392 1921 1503 1970 gna-

483 1981 539 2025 tis
570 1997 662 2026 esse
690 1992 917 2041 parentes.

228 2054 329 2117 Ego
355 2053 463 2099 dare
486 2070 564 2098 me
597 2052 770 2098 ludum
794 2069 904 2098 meo
932 2064 1075 2117 gnato
1102 2054 1296 2100 institui.
1326 2062 1381 2099 ut
1401 2051 1500 2096 ani-

487 2144 569 2172 mo
598 2126 886 2186 obseqqum

229 2200 424 2247 Sumere
459 2201 635 2261 possit,
670 2216 879 2260 aequom
918 2216 1009 2247 esse
1043 2210 1165 2261 puto
1196 2217 1205 2243 :
1246 2195 1327 2242 sed
1361 2195 1499 2241 nimis

478 2274 601 2323 nolo,
624 2271 824 2317 desidiae

225 2343 283 2391 Ei
310 2343 418 2390 dare
445 2343 631 2388 ludum.
660 2360 791 2389 nunc
817 2344 1192 2399 Mnesilochum,
1215 2340 1350 2402 quod
1369 2358 1499 2387 man-

481 2414 613 2472 davi,
635 2415 733 2461 viso
751 2434 760 2460 ε
1119 2433 1125 2442 ’
