1650 2826
147 202 271 238 ιρι
591 182 879 234 ACTUS
932 183 994 232 V.
1327 189 1426 250 261

503 301 1068 343 STROBILUS.

687 375 978 435 Ah‚unde?

504 470 1077 529 13YcoN1DEs.

778 541 934 611 Quod
949 540 1099 587 modo
1117 540 1254 588 fassus
1273 558 1318 588 ὅ
1337 557 1428 588 esse

156 615 347 663 Inarca.
1105 674 1114 687 ·

515 690 1078 726 STROBILUS.

223 761 362 826 Soleo
375 795 389 820 ,
405 761 561 808 hercle
574 795 588 818 ‚
608 776 695 824 ego
710 761 875 825 garrire
890 777 1059 825 nugas:
1081 761 1144 807 ita
1160 761 1347 821 loquor.

513 858 1078 894 LYCONIDES.

1240 919 1307 966 At
1327 920 1435 965 scin’

163 981 427 1054 Quomodo
439 982 463 1028 ?

327 1119 330 1121 Β
513 1067 536 1101 8
573 1067 604 1100 T
638 1068 673 1102 R
709 1068 742 1101 Ο
778 1067 806 1100 Β
841 1068 862 1100 Ι
898 1067 929 1102 Ι,
969 1068 1006 1101 U
1043 1068 1081 1103 S.

286 1139 379 1192 Vel
397 1140 551 1186 hercle
569 1140 700 1186 enica
714 1174 728 1198 ,
749 1157 1022 1203 numquam
1038 1141 1150 1187 hinc
1168 1139 1282 1187 ihtes
1297 1157 1324 1186 a
1340 1156 1435 1187 me.

445 1283 1166 1331 SUPPOSITA.

528 1436 1100 1472 LYCONIDES.

178 1511 438 1652 QUID
471 1576 539 1621 lzic
565 1575 772 1638 qicondam
789 1578 988 1641 pervicus
1016 1576 1178 1622 addit?

171 1657 272 1704 Non
285 1655 483 1720 feramn'
502 1658 738 1718 umquam?
990 1641 992 1643 ¹

532 1755 556 1789 S
593 1755 625 1788 Τ
659 1757 693 1789 R
727 1756 760 1788 0
796 1756 826 1788 Β
859 1756 882 1789 Ι
916 1756 946 1790 Ι,
980 1756 1018 1789 U
1053 1757 1093 1791 S.

718 1828 850 1903 Quod
873 1847 955 1876 non
984 1830 1124 1877 habeo.

527 1925 1095 1962 LYCONIDES.

1094 1989 1304 2052 Effiraris
1327 2004 1449 2039 cave.

180 2061 283 2109 Nisi
299 2069 491 2106 actutum
510 2061 601 2106 seni
618 2061 665 2105 id
683 2063 783 2106 auri
796 2062 974 2107 redditio
993 2074 1068 2107 est.

540 2157 563 2191 s
599 2159 630 2191 Τ
665 2160 698 2192 R
735 2160 766 2193 o
802 2160 831 2192 B
866 2161 887 2193 1
922 2160 952 2192 1,
989 2160 1024 2192 U
1060 2159 1099 2193 s.

960 2231 1060 2278 Sive
1074 2248 1304 2297 perpensas
1320 2230 1452 2296 ferar

186 2301 490 2350 Libitinarius,
513 2305 598 2350 sive
610 2304 905 2368 pollinctorius
930 2305 1109 2369 qfferar,
1126 2321 1353 2368 numquam
1377 2303 1454 2349 da·-

436 2376 508 2423 bo,
539 2378 623 2420 nisi
636 2375 810 2441 fodiam

190 2445 379 2493 Noviten
396 2447 631 2512 arrogiam.
