1650 2826
411 304 1169 360 ARGUMENTUM.

239 443 315 492 ΙΝ
334 440 502 508 faeiem
528 455 675 487 vorsus
697 437 1022 503 Amphitruonis
1051 434 1257 502 Juppiter
1268 449 1288 486 ,·

177 513 299 564 Dum
314 513 475 560 ‘bellum
499 522 673 574 gereret
699 528 794 556 cum
833 509 1022 555 Telebois
1051 509 1271 558 hostibus..

177 590 422 636 Alcmenam
456 602 630 632 uxorem
661 586 771 649 cepit
797 585 1056 629 usurariam.

176 661 416 710 Mercurius
438 659 635 724 formam
663 657 811 702 Sosiae
840 658 952 703 servi
974 658 1095 717 gerit

172 735 374 782 'Abs-entis
394 753 408 778 .·
440 732 506 778 lzis
530 732 766 777 Alcumena
798 730 1006 794 decipitur
1036 729 1156 775 dolis.

179 806 409 870 Postquam
438 805 598 850 rediere
623 805 715 851 veri
743 802 999 866 Amphitruo
1026 814 1069 848 et
1088 801 1243 850 Sosia.

186 879 369 943 Uterque
400 878 608 924 luduntur
638 876 745 922 dolis
774 877 931 921 mirum
961 877 1005 920 in
1035 874 1220 919 modum.

182 951 302 998 Hinc
321 952 550 1018 jurgium,
579 949 818 996 tumultus,
850 949 978 993 uxori
1004 959 1046 992 et
1072 948 1179 993 viro.

182 1023 332 1071 Donec
363 1041 458 1070 cum
486 1025 648 1069 tonitru
673 1040 770 1070 voce
799 1024 932 1067 missa
962 1038 1015 1067 ex
1045 1020 1245 1077 aethere,

186 1097 440 1143 Adulterum
468 1114 512 1142 se
536 1096 742 1161 Juppiter
772 1094 987 1159 confessus
1014 1107 1089 1139 est.

306 1215 608 1262 ALIUD
674 1214 1369 1263 ARGUMENTUM

505 1321 600 1382 (Ut
635 1322 923 1383 quibusdam
951 1316 1170 1384 videtur)

567 1422 1091 1468 *PRISCIANL

259 1513 302 1560 'A
314 1526 359 1560 M
368 1526 397 1562 ο
409 1524 442 1561 R
454 1527 490 1561 E
528 1526 676 1578 captus
708 1516 966 1561 Alcumenas
998 1515 1204 1579 Juppiter
1214 1549 1230 1561 .,

199 1585 392 1631 Mutavit
419 1601 506 1630 sese
534 1587 579 1629 in
611 1588 699 1650 ejus
716 1585 914 1648 formam
946 1587 1167 1651 conjugis,

202 1657 289 1703 Pro
304 1658 456 1720 patria
477 1655 732 1719 Amphitruo
751 1657 850 1701 dum
872 1659 1008 1702 cernit
1027 1674 1122 1702 cum
1140 1655 1326 1702 hostibus
1334 1669 1355 1705 ‚'

114 1742 117 1743 ’
203 1729 373 1776 Habitu
397 1729 639 1775 Mercurius
667 1731 707 1774 ei
729 1730 939 1776 subservit
962 1730 1120 1776 Sosiae.

205 1804 254 1850 Is
283 1803 592 1851 advenienteis,
620 1820 786 1850 servum
809 1821 861 1850 ac
883 1805 1122 1852 dominum,
1138 1803 1321 1868 frustra
1347 1803 1489 1852 haben

214 1875 261 1922 T
256 1876 383 1921 urbas
412 1877 542 1921 uxori
569 1877 651 1921 ciet
677 1877 931 1941 Amphitruo
949 1897 963 1922 :
995 1891 1120 1942 atque
1145 1880 1322 1926 invicem

207 1950 403 2013 Raptant
424 1965 504 2013 pro
529 1950 722 1995 moechis.
762 1951 977 2015 Blepharo
1005 1965 1154 2016 captus
1185 1953 1372 2001 arbiter,

214 2022 320 2067 Uter
343 2023 429 2070 sit,
452 2039 532 2067 non
558 2025 676 2084 quit,
702 2024 983 2088 Amphitruo,
1013 2025 1243 2070 decernere.

215 2093 391 2140 Omnem
418 2110 505 2138 rem
530 2105 733 2140 noscunt:
760 2097 953 2156 geminos
981 2097 1189 2143 Alcmena
1220 2099 1412 2145 enititur.

353 2215 636 2263 ALIUD
698 2217 1349 2269 ARGUMENTUM

577 2326 1114 2376 CAMERARIL

278 2414 478 2463 HUJUS
501 2415 744 2463 comoediae
767 2431 1067 2479 argumentum
1091 2431 1153 2466 est
1177 2422 1220 2465 in
1240 2420 1495 2481 granditate

222 2489 656 2609 qussjlalmladmodum
687 2491 929 2539 ridiculum.
980 2491 1025 2540 T
1019 2493 1202 2540 raduxit
1232 2494 1341 2539 enim
1365 2497 1497 2557 poe'ta

284 2608 287 2612 ,
324 2577 346 2605 ο
367 2595 378 2605 .
433 2597 444 2608 .
1173 2565 1217 2610 Α
1244 2581 1271 2614 2
