1650 2826
263 181 355 227 104
562 163 1220 215 AMPHITRUO.
1416 174 1547 222 mea⁴

635 281 1156 317 BLEPHARO.

1082 362 1283 425 Supreme
1314 359 1547 427 Juppiter,

265 431 390 507 Quid
424 431 629 478 intueor!
663 433 829 496 utrique
865 434 908 479 in
944 434 1132 479 musculo
1173 433 1375 484 dexteio,
1412 435 1552 485 eodem

526 509 569 553 in
607 505 721 552 loco,

266 579 399 641 Signo
419 580 555 624 eodem
578 591 755 644 apparet
762 574 916 644 probe,
937 592 986 628 ut
997 583 1187 648 primum
1215 585 1342 631 coivit
1367 586 1551 630 cicatrix

521 654 672 718 rufula
692 688 706 711 ‚

267 726 515 773 Sublurida.
573 727 778 771 Rationes
814 729 994 793 jacent,
1029 729 1246 795 judicium
1283 731 1416 777 silet,=
1453 730 1560 795 quid

526 816 683 862 agam,
715 801 865 846 nescio.

589 945 999 996 SCENA
1082 949 1239 995 III.

272 1083 1152 1127 'BLEPHARO,AMPHITRUO,
1185 1087 1559 1133 JUPPITER.

660 1186 690 1218 B
727 1186 757 1219 L
793 1186 822 1219 E
859 1187 888 1219 P
925 1187 959 1219 H
995 1186 1030 1221 A
1065 1189 1099 1222 R
1135 1189 1184 1224 ο,

276 1252 421 1369 VO
437 1330 459 1364 s
495 1318 618 1364 inter
639 1334 723 1365 vos
745 1318 918 1380 partite
938 1334 948 1364 ε’
989 1333 1078 1382 ego
1101 1319 1221 1367 abeo
1237 1354 1251 1378 ‚
1275 1321 1395 1367 mihi
1417 1338 1564 1387 nego-

533 1403 658 1437 tlum
682 1391 748 1436 ’st.
1483 1390 1486 1392 ’

279 1462 454 1526 Neque
485 1481 572 1530 ego
604 1482 841 1526 umquam
864 1482 1070 1528 usquam
1100 1476 1230 1512 tanta
1255 1465 1374 1512 mira
1395 1483 1475 1514 me
1497 1468 1565 1514 vi«

543 1538 658 1583 disse
682 1555 865 1584 censeo.
896 1568 902 1572 -

626 1649 1305 1684 AMPHITRUO.'

286 1719 520 1783 Blepharo
542 1756 556 1779 ,
582 1739 757 1783 quaeso
773 1757 788 1781 ,
812 1734 868 1769 ut
900 1723 1155 1771 advocatus
1187 1724 1256 1769 mi
1289 1723 1390 1769 assis
1408 1757 1421 1780 ,
1446 1738 1570 1768 neve

539 1794 686 1841 abeas.

668 1882 1191 1920 BLEPHARO.

1440 1959 1570 2005 Vale.

291 2030 430 2101 Quid
459 2048 557 2094 opu
579 2032 634 2077 ’st
667 2049 747 2078 me
779 2031 1045 2080 advocato?
1083 2034 1169 2096 qui
1191 2034 1286 2081 utri
1309 2033 1398 2080 sim
1429 2031 1573 2080 advo—⁴

545 2116 673 2155 catus
689 2141 702 2164 ‚
727 2122 899 2153 nesc1o.

690 2207 714 2250 J
753 2206 788 2241 U
823 2205 851 2241 Ρ
888 2205 917 2240 1²
954 2204 975 2241 1
1013 2204 1045 2242 Τ
1079 2204 1109 2241 E
1145 2204 1191 2243 R.

293 2280 426 2329 Intro
449 2281 561 2330 hinc
587 2300 658 2331 eo.
681 2283 948 2333 Alcumena
969 2288 1187 2349 parturit.
1216 2291 1223 2297 ‘

634 2394 670 2428 A
706 2396 749 2431 M
786 2396 815 2430 P
850 2396 885 2431 Η
921 2396 942 2429 1
978 2394 1009 2431 T
1044 2397 1078 2431 R
1114 2392 1149 2427 u
1184 2392 1232 2426 o.

1256 2459 1571 2526 Periimisexx
