1650 2826
230 200 285 245 μ
533 157 1249 233 ΑΜΡΗΙΤΒυοᾈ
1349 192 1500 238 mws

228 288 321 335 Sed
350 286 658 349 pudicitiam,
689 298 735 332 et
760 285 1023 348 pudorem,
1055 300 1102 334 et
1131 288 1346 336 sedatum
1371 292 1505 352 cupi-

481 360 643 406 dinem
659 394 671 416 ‚

228 433 390 479 Deum
411 444 598 478 metum
620 467 632 488 ,
657 443 910 493 parentum
930 449 1163 492 amorem,
1185 445 1232 480 et
1252 445 1508 500 cognatum
1530 455 1536 461 ·

482 506 808 551 concordiam:

229 573 341 624 Tibi
358 578 612 642 morigera,
631 590 776 640 atque
796 590 851 626 ut
868 580 1091 626 munifica
1109 580 1197 627 sim
1217 581 1355 628 bonis
1369 615 1382 640 ,
1401 597 1510 643 pro«

483 652 571 697 sim
594 651 766 713 probis.

720 757 742 790 S
779 756 811 790 O
850 757 872 791 S
909 759 931 790 Ι
965 757 1013 791 A.

230 841 330 887 Nae
346 842 452 898 ista,
473 840 668 902 edepol,
690 842 725 886 si
744 843 858 888 haec
875 859 984 888 vera
1003 843 1220 905 loquitur
1236 877 1250 902 ,
1276 858 1336 899 ex
1358 859 1513 890 amus-

485 915 573 960 sim
601 926 666 960 est
699 927 910 977 optuma.
1155 968 1179 990 ³.

576 1021 610 1054 A
646 1023 688 1056 M
723 1023 751 1056 P
788 1024 823 1056 H
859 1025 878 1056 I
917 1024 947 1057 Τ
983 1025 1016 1058 R
1054 1023 1088 1057 U
1125 1024 1172 1057 O.

231 1087 480 1145 ¹Delenitus
499 1114 605 1144 sum
629 1097 843 1160 profecto
868 1099 956 1156 ita,
977 1109 1033 1145 ut
1054 1114 1161 1156 me,
1182 1099 1268 1160 qui
1291 1098 1378 1143 sim
1394 1131 1407 1155 ‚
1430 1113 1516 1143 ne-

486 1187 641 1217 seiam.
1088 1220 1092 1223 .

665 1231 678 1245 “
730 1249 751 1283 s
789 1249 820 1282 o
860 1248 881 1282 s
917 1249 939 1282 1
973 1248 1021 1282 A.

232 1323 524 1388 'Amphitruo
555 1341 599 1371 es
629 1325 876 1387 profecto:
909 1342 1020 1372 cave
1051 1326 1138 1384 sis,
1168 1341 1229 1372 ne
1261 1337 1318 1372 tu
1346 1336 1394 1372 te
1427 1341 1517 1371 usu

488 1396 708 1459 perduis:

235 1469 308 1516 Ita
339 1485 470 1516 nunc
497 1469 714 1515 homines
741 1468 1039 1514 inmutantur
1058 1503 1071 1525 ‚
1099 1479 1357 1530 postquam
1383 1484 1518 1529 pere-

489 1561 569 1610 gre
603 1544 894 1591 advenimus.

579 1650 615 1683 A
650 1650 692 1682 M
728 1650 756 1683 P
793 1650 826 1682 H
861 1650 881 1682 I
918 1649 949 1681 T
985 1650 1018 1682 R
1054 1646 1090 1679 U
1126 1646 1173 1679 O.

237 1731 410 1778 Mulier
430 1766 445 1790 ,
482 1733 618 1776 istam
657 1745 759 1774 rem
795 1728 1072 1790 inquisitam
1110 1735 1294 1772 certum
1331 1723 1384 1769 ’st
1417 1737 1518 1768 non

491 1811 716 1847 amittere.

608 1902 1142 1938 ALCUMENA.

239 1989 426 2052 Edepol
450 2004 529 2034 me
554 1988 735 2034 libente
758 1986 904 2032 facies.

595 2092 631 2125 A
667 2093 709 2125 M
745 2093 772 2125 P
810 2092 844 2125 Η
877 2092 898 2124 1
936 2090 966 2124 T
1003 2091 1035 2123 R
1073 2089 1108 2122 U
1145 2089 1191 2123 o.

871 2170 1007 2241 Quid
1026 2170 1119 2215 ais?
1139 2169 1372 2231 responde
1387 2169 1521 2218 mihi.-

241 2243 379 2313 Quid
395 2245 431 2289 si
449 2243 636 2290 adduco
655 2256 798 2291 tuum
821 2253 1078 2308 cognatum
1097 2243 1192 2287 huc
1217 2258 1243 2287 a
1265 2241 1374 2286 navi
1391 2239 1520 2284 Nau-

496 2326 670 2368 cratem
686 2350 700 2372 ‚

242 2388 344 2457 Qui
369 2403 563 2434 mecum
593 2404 688 2433 una
713 2400 855 2437 vectu
878 2389 932 2434 ’st
958 2403 1053 2434 una
1078 2387 1187 2433 navi
1209 2405 1218 2432 z
1248 2394 1393 2446 atque
1418 2384 1453 2429 is
1484 2384 1521 2430 si

494 2459 694 2523 denegat
