1650 2826
255 178 314 237 56
567 170 1226 229 AMPHITRUO
1409 191 1539 249 v.63

252 285 354 355 Qui
380 292 510 331 nunc
535 284 745 345 primum
763 294 810 331 te
834 285 1071 336 ‚advenisse
1100 290 1252 348 dicas,
1277 292 1433 342 modo
1452 297 1538 358 qui

511 357 623 405 hinc
654 357 840 404 abieris.
831 359 852 391 ῑ)

589 457 624 490 Α
660 454 703 490 Μ
742 459 769 492 Ρ
805 458 839 491 Η
876 459 896 491 1
935 458 966 491 T
1002 461 1034 492 R
1073 459 1107 492 U
1145 461 1192 494 o.

251 532 382 580 Haec
410 532 610 594 quidem
635 532 941 579 deliramenta
960 534 1190 594 loquitur.

749 634 771 667 s
810 635 841 668 o
880 635 901 668 s
938 631 959 667 1
995 634 1043 667 A.

1098 707 1353 771 Paullisper
1370 726 1510 760 mane
1523 747 1536 772 ,

250 779 386 829 Dum
405 778 682 825 edormiscat
699 793 857 824 unum
873 794 1113 824 somnum.
1128 826 1131 829 ,

593 874 628 918 A
663 876 705 915 Μ
743 877 770 916 1²
808 875 842 915 Η
878 882 897 914 1
935 880 966 914 T
1002 884 1035 916 R
1073 882 1108 915 U
1145 882 1192 917 ο.

869 957 1071 1027 Quaene
1090 958 1284 1023 vigilans
1301 963 1539 1009 Somniat?

627 1046 661 1085 A
698 1053 727 1087 L
762 1048 789 1086 c
827 1043 861 1086 U
900 1047 941 1086 M
976 1055 1005 1087 E
1045 1052 1078 1088 Ν
1113 1054 1161 1087 A.

252 1123 496 1186 Equidem
531 1138 705 1173 ecastor
726 1127 871 1191 vigilo
888 1161 901 1183 ‚
930 1137 977 1173 et
998 1127 1192 1190 vigilans
1220 1127 1272 1173 id
1301 1128 1439 1189 quod
1462 1128 1535 1175 'fa-

509 1211 642 1247 ctum
659 1202 711 1246 'st
735 1199 934 1247 fabulor.
1399 1252 1402 1256 Ι

248 1263 375 1317 Nam
393 1265 582 1319 dudum
606 1284 714 1319 ante
728 1274 887 1319 lucem
906 1284 952 1318 et
968 1274 1120 1319 istunc
1139 1283 1186 1319 et
1199 1284 1247 1319 te
1260 1268 1375 1320 vidi.
1394 1291 1398 1292 ff

589 1371 624 1405 A
659 1371 700 1405 M
737 1373 764 1410 ,P
802 1371 836 1408 H
871 1373 891 1405 Ι
931 1374 960 1406 T
997 1376 1030 1408 R
1055 1374 1101 1431 ⁴U
1139 1375 1186 1408 O.

1186 1432 1302 1503 Quo
1325 1432 1538 1492 injoco?

570 1570 574 1571 ⁷
641 1530 677 1563 A
712 1531 741 1564 L
777 1531 804 1564 C
842 1532 876 1566 U
913 1532 955 1565 M
989 1532 1019 1565 E
1056 1533 1090 1577 N
1121 1531 1170 1566 Α.

256 1599 375 1659 Hic,
394 1602 444 1649 in
463 1603 656 1651 aedibus
670 1640 682 1663 ‚
702 1606 787 1652 ubi
811 1618 866 1654 tu
883 1607 1074 1653 habitas.

584 1703 629 1739 A
665 1702 707 1739 M
742 1706 772 1740 P
808 1704 842 1741 n
879 1706 898 1739 1
938 1707 968 1741 T
1003 1708 1035 1741 R
1071 1697 1107 1739 U
1144 1682 1214 1740 os

844 1775 1126 1834 Numquam
1146 1774 1324 1822 factum
1340 1777 1405 1822 ’st.

753 1873 776 1907 s
812 1874 844 1906 ο
882 1873 903 1906 s
941 1874 962 1905 1
997 1873 1045 1906 A.
1514 1903 1517 1906 .

1249 1927 1361 1972 Non
1385 1926 1538 1979 taces?

256 1982 395 2066 Quid
408 1995 443 2042 si
457 2011 482 2042 e
494 2007 639 2059 portu
653 1997 781 2043 navis
799 1997 894 2043 huc
913 2013 999 2042 nos
1024 1995 1297 2045 dormientis
1312 1999 1514 2045 detulit?

582 2068 633 2126 ‘A
669 2094 710 2126 Μ
748 2095 776 2127 P
813 2094 847 2126 H
884 2094 903 2126 1
942 2094 971 2127 T
1009 2095 1040 2127 R
1078 2093 1112 2126 U
1150 2095 1197 2128 ο.

257 2170 412 2218 Etiam
435 2183 490 2218 tu
513 2188 712 2234 quoque
735 2171 967 2237 assentaris
990 2166 1135 2220 huic?

708 2306 710 2309 ,
763 2267 785 2302 s
823 2268 854 2302 ο
892 2269 914 2304 s
952 2270 971 2302 1
1006 2269 1056 2311 A,
1251 2300 1256 2302 ,

295 2391 299 2395 “
1156 2327 1291 2399 Quid
1311 2329 1377 2375 vis
1404 2330 1536 2378 fieri?

255 2396 371 2446 Non
404 2408 460 2445 tu
495 2399 575 2444 scis
591 2434 604 2455 ‚
637 2399 842 2448 Bacchae
876 2399 1124 2449 bacchanti
1153 2401 1189 2447 si
1219 2400 1332 2448 velis
1365 2402 1534 2449 advor-

515 2487 677 2530 saner,
