1650 2826
100 192 198 239 Ἠ,
339 164 672 219 AcTus
718 165 814 213 1v.
861 163 963 212 so
1013 163 1115 212 1x.
1296 182 1386 228 255

105 281 297 332 Effodio
337 281 500 327 aulam
525 278 626 324 auri
645 277 852 339 plenam.
884 274 998 321 inde
1025 290 1158 321 exeo.
1185 274 1313 322 illico
1382 269 1392 293 “

92 350 266 403 vVideo
300 354 507 415 recipere
533 367 580 397 se
598 365 759 396 senem
779 367 789 393 :
821 348 901 394 ille
922 361 1000 393 me
1022 363 1124 393 non
1142 347 1289 394 videt.

108 429 235 476 Nam
251 443 341 493 ego
355 425 505 473 modo
526 423 759 471 declinavi
780 424 981 485 paulum
998 438 1078 468 me
1100 433 1230 468 extra
1245 421 1387 469 viam.

110 501 248 549 Atat!
283 515 451 548 eccum
479 497 651 559 ipsum.
681 495 795 553 ibo,
822 507 878 542 ut
906 495 1000 542 hoc
1033 495 1274 556 condam,
1304 496 1393 544 do-

364 589 516 620 mum.

498 712 827 761 SGENA
894 712 1009 758 IX.

193 868 611 907 EUGLlo,
675 866 1299 904 LYCONIDES.

563 999 942 1035 EUCLIO.

124 1079 254 1192 PE
270 1146 396 1191 R11!
435 1144 619 1191 interii!
667 1145 846 1193 occidi!
888 1163 990 1208 quo
1035 1148 1257 1195 curram?
1299 1164 1401 1209 quo

379 1233 481 1263 non
512 1221 732 1265 curram?

60 1317 74 1352 j
126 1290 292 1347 Tene,
320 1289 462 1334 tene!
493 1291 679 1349 quem?
709 1291 850 1352 quis?
873 1292 1059 1349 nescio,
1087 1293 1207 1340 nihil
1233 1294 1405 1351 vide0‚

383 1378 546 1408 caecus
573 1378 652 1411 e0;
678 1374 825 1422 atque

129 1444 375 1507 Equidem
408 1461 509 1505 quo
536 1460 640 1489 eam
659 1478 673 1500 ‚
707 1455 789 1490 aut
816 1445 902 1490 ubi
930 1445 1047 1503 sim,
1064 1457 1148 1494 aut
1181 1447 1266 1507 qui
1290 1446 1376 1491 sim
1394 1480 1408 1502 ‚

385 1533 578 1577 nequeo
615 1532 728 1561 curn
752 1516 913 1562 animo
1337 1571 1340 1574 .

134 1600 332 1647 Certum
363 1598 653 1662 investigare.
685 1597 879 1645 obsecro
914 1615 998 1646 vos
1031 1613 1119 1662 ego
1134 1631 1149 1654 ‚
1171 1597 1293 1642 mihi
1329 1614 1413 1643 au·-

389 1670 534 1728 xmo,

136 1752 239 1798 010
252 1784 267 1808 ‚
288 1749 500 1797 obtestor
515 1785 530 1807 ‚
554 1750 650 1809 sitis
662 1786 680 1809 ,
703 1762 751 1797 et
777 1751 1029 1798 hominem
1056 1750 1383 1797 demonstretis
1398 1787 1414 1808 ‚

388 1823 474 1883 qui
503 1839 608 1869 eam
637 1823 879 1879 abstulerit
894 1859 909 1882 ‚
1314 1814 1321 1819 ⁷

140 1904 243 1974 Qui
255 1903 427 1949 vestitu
445 1913 492 1948 et
517 1915 639 1949 creta
658 1906 899 1950 occultant
921 1920 1015 1950 sese
1029 1939 1042 1961 ‚
1058 1915 1204 1964 atque
1220 1904 1384 1953 sedent
1397 1938 1412 1960 ‚

404 1975 536 2034 quasi
559 1975 650 2020 sint
681 1975 816 2039 frugi.

141 2044 279 2117 Quid
304 2046 366 2091 ais
393 2045 486 2090 tu?
523 2045 613 2091 tibi
646 2047 832 2102 coedere
862 2059 1045 2094 certum
1074 2049 1142 2093 'st.
1180 2063 1295 2092 nam
1327 2064 1420 2092 esse

401 2117 590 2163 bonum
608 2152 623 2174 ,
657 2135 683 2163 e
709 2121 849 2164 voltu
882 2135 1130 2182 cognosco.

144 2191 282 2262 Quid
307 2190 413 2236 est?
445 2191 566 2252 quid
602 2192 799 2238 ridetis?
835 2195 950 2240 novi
984 2194 1149 2240 omnis·
1182 2194 1276 2240 scio
1299 2193 1423 2240 fures

398 2281 490 2310 esse
520 2263 596 2309 hic
632 2266 883 2326 conpluris.

150 2344 301 2394 Hem!
334 2361 480 2393 nemo
504 2344 648 2390 habet
676 2345 865 2390 horum.
899 2346 1120 2394 occidisti.
1148 2346 1224 2394 dic
1250 2347 1392 2412 igitur
1408 2382 1423 2404 ‚

378 2475 388 2481 .
403 2417 510 2480 quis
530 2417 707 2465 habet?
730 2417 903 2464 nescis!

743 2531 748 2556 1
