1650 2826
273 172 449 234 358·
580 171 1213 224 BACCHIDES.
1419 183 1548 240 v.f›5

272 284 400 331 Deos
430 285 728 343 inmortales,
761 288 826 333 ire
858 289 954 335 huc
981 289 1106 335 intro
1143 290 1204 336 ad
1237 291 1403 338 filium.

622 382 655 414 N
692 382 712 414 1
749 384 775 415 c
813 383 845 416 o
884 384 911 416 Β
949 385 983 417 U
1019 385 1050 417 L
1088 385 1121 418 U
1160 385 1196 419 s.

275 454 413 523 Quid
443 471 499 500 eo
529 454 781 501 introibis?

635 557 661 588 C
697 556 731 588 H
767 556 800 590 R
835 556 871 589 Y
907 554 999 589 S'A
1034 556 1064 589 L
1101 558 1136 590 U
1174 557 1211 590 S.

837 629 902 675 Ut
932 646 1045 676 eum
1080 630 1213 676 dictis
1238 633 1450 693 plurimis

279 701 511 766 Castigem
533 736 546 759 ,
579 718 734 762 quom
768 702 884 748 haec
918 702 980 749 sic
1012 702 1130 750 facta
1163 704 1223 750 ad
1259 706 1389 751 h‘unc
1426 707 1560 753 faciat

537 773 757 819 modum.

638 876 1208 914 NICOBULUS.

278 957 438 1002 Immo
460 972 543 1001 oro
566 966 621 1000 ut
641 954 774 1000 facias
789 989 802 1011 ‚
822 955 1041 1018 Chrysale
1056 991 1070 1015 ‚
1095 969 1142 1003 et
1166 957 1249 1003 ted
1270 958 1463 1006 obsecro
1481 994 1495 1017 ,

280 1027 405 1074 Cave
432 1026 570 1088 parsis
599 1026 650 1071 in
677 1042 791 1071 eum
821 1026 987 1072 dicere.

643 1127 1222 1162 CHRYSALU'S.

989 1200 1146 1248 Etiam
1173 1219 1251 1248 me
1281 1207 1481 1251 mones?

279 1275 422 1323 Sati-n'
443 1285 510 1321 est
525 1309 539 1331 ,
562 1275 596 1320 si
619 1276 755 1336 plura
775 1291 836 1320 ex
857 1290 934 1320 me
955 1275 1114 1321 audiet
1120 1276 1282 1340 ‘hodie
1302 1279 1422 1323 mala
1439 1313 1452 1334 ,

281 1350 446 1419 Quam
470 1347 652 1394 audivit
682 1364 918 1409 umquam
950 1348 1101 1394 Clinia
1128 1365 1188 1395 ex
1212 1349 1494 1397 Demetrio?

637 1462 1213 1496 NICOBULUS.

282 1547 427 1610 Lippi
456 1549 549 1594 illic
582 1548 710 1594 oculi
733 1564 886 1592 servos
914 1558 980 1592 est
1002 1546 1314 1595 simillumus:

282 1621 332 1667 Si
363 1638 463 1667 non
497 1633 586 1677 est,
615 1620 736 1665 nolis
766 1636 884 1676 esse,
920 1635 1081 1680 neque
1115 1620 1342 1667 desideres
1361 1618 1411 1668 :⁵-

283 1693 333 1738 Si
361 1705 454 1750 est,
476 1693 740 1748 abstinere,
769 1693 888 1752 quin
912 1692 1108 1756 attingas
1127 1727 1140 1750 ,
1173 1709 1274 1739 non
1299 1711 1454 1754 queas.

284 1764 409 1809 Nam
438 1764 489 1809 ni
523 1765 618 1810 illic
651 1763 798 1809 hodie
827 1763 948 1809 forte
981 1763 1171 1811 fortuna
1198 1765 1274 1812 hic
1301 1766 1457 1824 foret,·

284 1837 421 1883 Miles
448 1837 800 1882 Mnesilochum
824 1852 937 1881 cum
965 1853 1114 1882 uxore
1139 1839 1428 1899 opprimeret
1454 1855 1533 1885 sua
1549 1875 1563 1896 ‚

285 1910 450 1970 Atque
482 1909 787 1955 obtruncaret
822 1909 1082 1954 moechum
1110 1910 1489 1957 manifestarium.

284 1982 430 2029 Nunc
465 1983 598 2044 quasi
629 1983 846 2029 ducentis
874 1983 1101 2045 Philippis
1132 1985 1226 2030 emi
1256 1985 1435 2040 filium,

230 2078 236 2083 ·
287 2057 425 2125 Quos
457 2056 564 2101 dare
588 2056 783 2116 promisi
805 2055 970 2101 militi:
998 2073 1119 2117 quos
1149 2073 1251 2102 non
1280 2057 1404 2102 dabo

287 2128 490 2174 Temere
515 2129 656 2174 etiam
674 2164 688 2186 ‚
720 2129 999 2190 priusquam
1033 2131 1187 2176 filiurn
1218 2144 1498 2176 convenere.

286 2199 582 2261 Numquam'
614 2202 788 2262 edepol
839 2202 1109 2263 quidquam
1152 2214 1328 2265 temere
1378 2200 1564 2246 credam

541 2275 779 2337 Chrysalo.

287 2341 470 2390 Verum
501 2346 619 2392 libet
650 2348 792 2393 etiam
823 2348 943 2393 mihi
970 2348 1048 2392 has
1075 2347 1309 2408 perlegere
1341 2345 1530 2392 denuo:
1594 2368 1604 2377 ·

287 2416 514 2478 Aequom
540 2431 607 2466 est
627 2420 807 2466 tabellis
835 2419 1111 2484 consignatis
1138 2418 1336 2464 credere.
