<?xml version="1.0" encoding="UTF-8"?>
<!DOCTYPE html PUBLIC "-//W3C//DTD XHTML 1.0 Transitional//EN"
    "http://www.w3.org/TR/xhtml1/DTD/xhtml1-transitional.dtd">
<html xmlns="http://www.w3.org/1999/xhtml" xml:lang="en" lang="en">
 <head>
  <title>
</title>
<meta http-equiv="Content-Type" content="text/html;charset=utf-8" />
  <meta name='ocr-system' content='tesseract 3.04.00' />
  <meta name='ocr-capabilities' content='ocr_page ocr_carea ocr_par ocr_line ocrx_word'/>
</head>
<body>
  <div class='ocr_page' id='page_1' title='image "./comoediaesuperst01plauuoft_0021.png"; bbox 0 0 1650 2826; ppageno 0'>
   <div class='ocr_carea' id='block_1_1' title="bbox 422 136 1456 216">
    <p class='ocr_par' dir='ltr' id='par_1_1' title="bbox 422 136 1456 216">
     <span class='ocr_line' id='line_1_1' title="bbox 422 136 1456 216; baseline 0.003 -3"><span class='ocrx_word' id='word_1_1' title='bbox 422 136 1116 214; x_wconf 59' lang='lat' dir='ltr'><em>tEDITIONES</em></span> <span class='ocrx_word' id='word_1_2' title='bbox 1376 180 1456 216; x_wconf 81' lang='lat' dir='ltr'>xv</span> 
     </span>
    </p>
   </div>
   <div class='ocr_carea' id='block_1_2' title="bbox 182 273 1465 2405">
    <p class='ocr_par' dir='ltr' id='par_1_2' title="bbox 318 273 1460 981">
     <span class='ocr_line' id='line_1_2' title="bbox 372 273 1458 332; baseline -0.004 -9"><span class='ocrx_word' id='word_1_3' title='bbox 372 275 603 324; x_wconf 76' lang='lat' dir='ltr'>adhibent</span> <span class='ocrx_word' id='word_1_4' title='bbox 629 274 875 330; x_wconf 82' lang='lat' dir='ltr'>versutias,</span> <span class='ocrx_word' id='word_1_5' title='bbox 914 284 969 319; x_wconf 89' lang='lat' dir='ltr'>ut</span> <span class='ocrx_word' id='word_1_6' title='bbox 1001 273 1288 332; x_wconf 84' lang='lat' dir='ltr'>Herculem,</span> <span class='ocrx_word' id='word_1_7' title='bbox 1311 273 1458 319; x_wconf 87' lang='lat' dir='ltr'>animi</span> 
     </span>
     <span class='ocr_line' id='line_1_3' title="bbox 318 337 1456 402; baseline -0.004 -14"><span class='ocrx_word' id='word_1_8' title='bbox 318 366 325 369; x_wconf 86' lang='lat'><em>-</em></span> <span class='ocrx_word' id='word_1_9' title='bbox 347 366 351 367; x_wconf 41' lang='lat'><em>⁷</em></span> <span class='ocrx_word' id='word_1_10' title='bbox 372 341 626 402; x_wconf 81' lang='lat' dir='ltr'>ancipitem</span> <span class='ocrx_word' id='word_1_11' title='bbox 650 339 700 384; x_wconf 89' lang='lat' dir='ltr'>in</span> <span class='ocrx_word' id='word_1_12' title='bbox 723 355 853 384; x_wconf 88' lang='lat' dir='ltr'>suam</span> <span class='ocrx_word' id='word_1_13' title='bbox 878 337 1125 383; x_wconf 85' lang='lat' dir='ltr'>militiam</span> <span class='ocrx_word' id='word_1_14' title='bbox 1114 339 1261 382; x_wconf 77' lang='lat' dir='ltr'>invita</span> <span class='ocrx_word' id='word_1_15' title='bbox 1281 339 1456 384; x_wconf 85' lang='lat' dir='ltr'>virtute</span> 
     </span>
     <span class='ocr_line' id='line_1_4' title="bbox 376 402 1457 468; baseline -0.002 -17"><span class='ocrx_word' id='word_1_16' title='bbox 376 406 651 468; x_wconf 70' lang='lat' dir='ltr'>perpellent.</span> <span class='ocrx_word' id='word_1_17' title='bbox 685 403 912 467; x_wconf 88' lang='lat' dir='ltr'>Ejusdem</span> <span class='ocrx_word' id='word_1_18' title='bbox 947 402 1166 448; x_wconf 89' lang='lat' dir='ltr'>Thomus</span> <span class='ocrx_word' id='word_1_19' title='bbox 1197 403 1457 449; x_wconf 86' lang='lat' dir='ltr'>Aululariae</span> 
     </span>
     <span class='ocr_line' id='line_1_5' title="bbox 369 467 1458 532; baseline -0.003 -16"><span class='ocrx_word' id='word_1_20' title='bbox 369 470 604 516; x_wconf 83' lang='lat' dir='ltr'><em>Plautinae</em></span> <span class='ocrx_word' id='word_1_21' title='bbox 622 469 828 532; x_wconf 81' lang='lat' dir='ltr'>adjectus</span> <span class='ocrx_word' id='word_1_22' title='bbox 844 480 955 512; x_wconf 86' lang='lat' dir='ltr'>cum</span> <span class='ocrx_word' id='word_1_23' title='bbox 973 467 1183 530; x_wconf 86' lang='lat' dir='ltr'>Prologis</span> <span class='ocrx_word' id='word_1_24' title='bbox 1201 467 1416 527; x_wconf 84' lang='lat' dir='ltr'>aliquot</span> <span class='ocrx_word' id='word_1_25' title='bbox 1406 484 1458 514; x_wconf 77' lang='lat' dir='ltr'>in</span> 
     </span>
     <span class='ocr_line' id='line_1_6' title="bbox 374 532 1459 604; baseline -0.002 -24"><span class='ocrx_word' id='word_1_26' title='bbox 374 533 748 580; x_wconf 84' lang='lat' dir='ltr'>Comoediarum</span> <span class='ocrx_word' id='word_1_27' title='bbox 770 532 976 579; x_wconf 86' lang='lat' dir='ltr'>actiones</span> <span class='ocrx_word' id='word_1_28' title='bbox 996 543 1043 578; x_wconf 89' lang='lat' dir='ltr'>et</span> <span class='ocrx_word' id='word_1_29' title='bbox 1057 532 1275 604; x_wconf 35' lang='lat' dir='ltr'>‘pauculis</span> <span class='ocrx_word' id='word_1_30' title='bbox 1295 533 1459 578; x_wconf 80' lang='lat' dir='ltr'>carmi-</span> 
     </span>
     <span class='ocr_line' id='line_1_7' title="bbox 372 596 1458 646; baseline -0.004 -1"><span class='ocrx_word' id='word_1_31' title='bbox 372 600 525 646; x_wconf 88' lang='lat' dir='ltr'>nibus.</span> <span class='ocrx_word' id='word_1_32' title='bbox 537 624 599 633; x_wconf 87' lang='lat'>---</span> <span class='ocrx_word' id='word_1_33' title='bbox 615 598 837 644; x_wconf 85' lang='lat' dir='ltr'>Prostant</span> <span class='ocrx_word' id='word_1_34' title='bbox 853 596 1066 643; x_wconf 85' lang='lat' dir='ltr'>venales</span> <span class='ocrx_word' id='word_1_35' title='bbox 1054 612 1104 641; x_wconf 88' lang='lat' dir='ltr'>1n</span> <span class='ocrx_word' id='word_1_36' title='bbox 1122 596 1287 642; x_wconf 88' lang='lat' dir='ltr'>edibus</span> <span class='ocrx_word' id='word_1_37' title='bbox 1297 597 1458 642; x_wconf 84' lang='lat' dir='ltr'>Theo-</span> 
     </span>
     <span class='ocr_line' id='line_1_8' title="bbox 374 661 1459 718; baseline -0.001 -9"><span class='ocrx_word' id='word_1_38' title='bbox 374 663 519 710; x_wconf 87' lang='lat' dir='ltr'>derici</span> <span class='ocrx_word' id='word_1_39' title='bbox 535 663 669 709; x_wconf 87' lang='lat' dir='ltr'>Mart.</span> <span class='ocrx_word' id='word_1_40' title='bbox 686 662 962 718; x_wconf 87' lang='lat' dir='ltr'>Alostensis,</span> <span class='ocrx_word' id='word_1_41' title='bbox 982 661 1194 706; x_wconf 86' lang='lat' dir='ltr'>Lovanii.</span> <span class='ocrx_word' id='word_1_42' title='bbox 1215 687 1258 695; x_wconf 80' lang='lat'>--</span> <span class='ocrx_word' id='word_1_43' title='bbox 1283 661 1459 708; x_wconf 88' lang='lat' dir='ltr'>Baum-</span> 
     </span>
     <span class='ocr_line' id='line_1_9' title="bbox 376 725 1460 791; baseline -0.001 -16.999"><span class='ocrx_word' id='word_1_44' title='bbox 376 739 536 791; x_wconf 80' lang='lat' dir='ltr'>garten</span> <span class='ocrx_word' id='word_1_45' title='bbox 562 729 611 773; x_wconf 88' lang='lat' dir='ltr'>in</span> <span class='ocrx_word' id='word_1_46' title='bbox 630 727 944 773; x_wconf 87' lang='lat' dir='ltr'>Nachrichten</span> <span class='ocrx_word' id='word_1_47' title='bbox 960 742 1059 772; x_wconf 86' lang='lat' dir='ltr'>von</span> <span class='ocrx_word' id='word_1_48' title='bbox 1075 725 1460 791; x_wconf 83' lang='lat' dir='ltr'>merkwiirdigen</span> 
     </span>
     <span class='ocr_line' id='line_1_10' title="bbox 371 792 1459 855; baseline -0.004 -15"><span class='ocrx_word' id='word_1_49' title='bbox 371 793 590 840; x_wconf 85' lang='lat' dir='ltr'>Buchern</span> <span class='ocrx_word' id='word_1_50' title='bbox 616 793 712 838; x_wconf 82' lang='lat' dir='ltr'>vol.</span> <span class='ocrx_word' id='word_1_51' title='bbox 740 792 790 848; x_wconf 88' lang='grc' dir='ltr'>Ι,</span> <span class='ocrx_word' id='word_1_52' title='bbox 826 808 929 855; x_wconf 82' lang='lat' dir='ltr'>pag</span> <span class='ocrx_word' id='word_1_53' title='bbox 952 807 1043 848; x_wconf 83' lang='lat'>544</span> <span class='ocrx_word' id='word_1_54' title='bbox 1071 803 1239 852; x_wconf 84' lang='lat' dir='ltr'>putat,</span> <span class='ocrx_word' id='word_1_55' title='bbox 1269 803 1318 837; x_wconf 91' lang='lat' dir='ltr'>et</span> <span class='ocrx_word' id='word_1_56' title='bbox 1341 808 1459 837; x_wconf 91' lang='lat' dir='ltr'>con-</span> 
     </span>
     <span class='ocr_line' id='line_1_11' title="bbox 369 856 1455 923; baseline 0 -20"><span class='ocrx_word' id='word_1_57' title='bbox 369 858 473 923; x_wconf 76' lang='lat' dir='ltr'>jicit</span> <span class='ocrx_word' id='word_1_58' title='bbox 490 873 550 902; x_wconf 86' lang='lat' dir='ltr'>ex</span> <span class='ocrx_word' id='word_1_59' title='bbox 567 857 699 902; x_wconf 82' lang='lat' dir='ltr'>variis</span> <span class='ocrx_word' id='word_1_60' title='bbox 712 857 997 920; x_wconf 84' lang='lat' dir='ltr'>argumentis</span> <span class='ocrx_word' id='word_1_61' title='bbox 1008 890 1021 911; x_wconf 91' lang='lat'>‚</span> <span class='ocrx_word' id='word_1_62' title='bbox 1041 856 1164 918; x_wconf 85' lang='lat' dir='ltr'>typis</span> <span class='ocrx_word' id='word_1_63' title='bbox 1181 872 1455 917; x_wconf 86' lang='lat' dir='ltr'>expressum</span> 
     </span>
     <span class='ocr_line' id='line_1_12' title="bbox 374 919 1458 981; baseline -0.002 -13"><span class='ocrx_word' id='word_1_64' title='bbox 374 938 470 969; x_wconf 87' lang='lat' dir='ltr'>esse</span> <span class='ocrx_word' id='word_1_65' title='bbox 483 922 700 967; x_wconf 87' lang='lat' dir='ltr'>libellum</span> <span class='ocrx_word' id='word_1_66' title='bbox 718 938 755 966; x_wconf 89' lang='lat' dir='ltr'>a.</span> <span class='ocrx_word' id='word_1_67' title='bbox 780 936 914 980; x_wconf 81' lang='lat'>1514</span> <span class='ocrx_word' id='word_1_68' title='bbox 937 919 995 966; x_wconf 88' lang='lat' dir='ltr'>cf.</span> <span class='ocrx_word' id='word_1_69' title='bbox 1008 920 1270 966; x_wconf 84' lang='lat' dir='ltr'>Harlesium</span> <span class='ocrx_word' id='word_1_70' title='bbox 1284 937 1329 981; x_wconf 90' lang='lat' dir='ltr'>p.</span> <span class='ocrx_word' id='word_1_71' title='bbox 1349 937 1372 967; x_wconf 79' lang='lat'><em>2</em></span> <span class='ocrx_word' id='word_1_72' title='bbox 1386 921 1458 967; x_wconf 86' lang='lat'>16.</span> 
     </span>
    </p>

    <p class='ocr_par' dir='ltr' id='par_1_3' title="bbox 186 985 1461 1242">
     <span class='ocr_line' id='line_1_13' title="bbox 186 985 1458 1048; baseline -0.003 -14"><span class='ocrx_word' id='word_1_73' title='bbox 186 987 308 1048; x_wconf 83' lang='lat'>1516</span> <span class='ocrx_word' id='word_1_74' title='bbox 379 987 559 1035; x_wconf 82' lang='lat' dir='ltr'>Veneta,</span> <span class='ocrx_word' id='word_1_75' title='bbox 572 985 656 1032; x_wconf 91' lang='lat' dir='ltr'>fol.</span> <span class='ocrx_word' id='word_1_76' title='bbox 670 986 832 1032; x_wconf 85' lang='lat' dir='ltr'><em>Aldina</em></span> <span class='ocrx_word' id='word_1_77' title='bbox 853 985 1075 1032; x_wconf 83' lang='lat' dir='ltr'>1.Bernh.</span> <span class='ocrx_word' id='word_1_78' title='bbox 1094 985 1305 1030; x_wconf 82' lang='lat' dir='ltr'>Saraceni</span> <span class='ocrx_word' id='word_1_79' title='bbox 1321 986 1458 1043; x_wconf 89' lang='lat' dir='ltr'>etJo.</span> 
     </span>
     <span class='ocr_line' id='line_1_14' title="bbox 374 1049 1460 1112; baseline -0.004 -14"><span class='ocrx_word' id='word_1_80' title='bbox 374 1052 504 1099; x_wconf 88' lang='lat' dir='ltr'>Petri</span> <span class='ocrx_word' id='word_1_81' title='bbox 536 1051 684 1096; x_wconf 89' lang='lat' dir='ltr'>Vallae</span> <span class='ocrx_word' id='word_1_82' title='bbox 719 1067 770 1096; x_wconf 89' lang='lat' dir='ltr'>ac</span> <span class='ocrx_word' id='word_1_83' title='bbox 793 1051 1025 1112; x_wconf 87' lang='lat' dir='ltr'>Baptistae</span> <span class='ocrx_word' id='word_1_84' title='bbox 1050 1049 1125 1095; x_wconf 91' lang='lat' dir='ltr'>Pii</span> <span class='ocrx_word' id='word_1_85' title='bbox 1152 1049 1460 1095; x_wconf 81' lang='lat' dir='ltr'>Bononiensis</span> 
     </span>
     <span class='ocr_line' id='line_1_15' title="bbox 375 1114 1461 1176; baseline -0.002 -13"><span class='ocrx_word' id='word_1_86' title='bbox 375 1116 733 1163; x_wconf 86' lang='lat' dir='ltr'>observationes.</span> <span class='ocrx_word' id='word_1_87' title='bbox 746 1115 956 1161; x_wconf 88' lang='lat' dir='ltr'>Venetiis</span> <span class='ocrx_word' id='word_1_88' title='bbox 976 1114 1106 1176; x_wconf 87' lang='lat' dir='ltr'>apud</span> <span class='ocrx_word' id='word_1_89' title='bbox 1122 1115 1295 1160; x_wconf 84' lang='lat' dir='ltr'>Aldum.</span> <span class='ocrx_word' id='word_1_90' title='bbox 1314 1130 1461 1176; x_wconf 86' lang='lat' dir='ltr'>quam</span> 
     </span>
     <span class='ocr_line' id='line_1_16' title="bbox 378 1180 1102 1242; baseline -0.003 -15"><span class='ocrx_word' id='word_1_91' title='bbox 378 1181 547 1227; x_wconf 87' lang='lat' dir='ltr'>Pareus</span> <span class='ocrx_word' id='word_1_92' title='bbox 565 1181 687 1226; x_wconf 86' lang='lat' dir='ltr'>inter</span> <span class='ocrx_word' id='word_1_93' title='bbox 706 1180 814 1226; x_wconf 91' lang='lat' dir='ltr'>edd.</span> <span class='ocrx_word' id='word_1_94' title='bbox 832 1180 972 1226; x_wconf 87' lang='lat' dir='ltr'>refert</span> <span class='ocrx_word' id='word_1_95' title='bbox 989 1197 1037 1242; x_wconf 91' lang='lat' dir='ltr'>p.</span> <span class='ocrx_word' id='word_1_96' title='bbox 1059 1196 1102 1238; x_wconf 82' lang='lat'>5.</span> 
     </span>
    </p>

    <p class='ocr_par' dir='ltr' id='par_1_4' title="bbox 182 1245 1284 1306">
     <span class='ocr_line' id='line_1_17' title="bbox 182 1245 1284 1306; baseline 0.001 -17"><span class='ocrx_word' id='word_1_97' title='bbox 182 1269 347 1289; x_wconf 66' lang='lat'>——</span> <span class='ocrx_word' id='word_1_98' title='bbox 385 1246 570 1294; x_wconf 80' lang='lat' dir='ltr'>Veneta,</span> <span class='ocrx_word' id='word_1_99' title='bbox 599 1245 679 1291; x_wconf 87' lang='lat' dir='ltr'>fol.</span> <span class='ocrx_word' id='word_1_100' title='bbox 705 1261 779 1306; x_wconf 88' lang='lat' dir='ltr'>ap.</span> <span class='ocrx_word' id='word_1_101' title='bbox 797 1245 1022 1291; x_wconf 79' lang='lat' dir='ltr'>Lazarum</span> <span class='ocrx_word' id='word_1_102' title='bbox 1045 1245 1284 1290; x_wconf 84' lang='lat' dir='ltr'>Soardium.</span> 
     </span>
    </p>

    <p class='ocr_par' dir='ltr' id='par_1_5' title="bbox 191 1309 1465 2405">
     <span class='ocr_line' id='line_1_18' title="bbox 191 1309 1462 1384; baseline 0.002 -30"><span class='ocrx_word' id='word_1_103' title='bbox 191 1312 310 1370; x_wconf 84' lang='lat'>1518</span> <span class='ocrx_word' id='word_1_104' title='bbox 383 1311 589 1358; x_wconf 84' lang='lat' dir='ltr'>Venetiis,</span> <span class='ocrx_word' id='word_1_105' title='bbox 606 1309 689 1356; x_wconf 89' lang='lat' dir='ltr'>fol.</span> <span class='ocrx_word' id='word_1_106' title='bbox 712 1311 776 1355; x_wconf 90' lang='lat' dir='ltr'>M.</span> <span class='ocrx_word' id='word_1_107' title='bbox 792 1310 1064 1356; x_wconf 83' lang='lat' dir='ltr'>AcciPlauti</span> <span class='ocrx_word' id='word_1_108' title='bbox 1086 1310 1262 1384; x_wconf 85' lang='lat' dir='ltr'>linguae</span> <span class='ocrx_word' id='word_1_109' title='bbox 1275 1309 1462 1356; x_wconf 81' lang='lat' dir='ltr'>Latinae</span> 
     </span>
     <span class='ocr_line' id='line_1_19' title="bbox 369 1373 1463 1442; baseline 0 -21"><span class='ocrx_word' id='word_1_110' title='bbox 369 1377 582 1442; x_wconf 84' lang='lat' dir='ltr'>principis</span> <span class='ocrx_word' id='word_1_111' title='bbox 612 1373 855 1421; x_wconf 86' lang='lat' dir='ltr'>Comoediae</span> <span class='ocrx_word' id='word_1_112' title='bbox 878 1376 1059 1436; x_wconf 83' lang='lat' dir='ltr'>viginti,</span> <span class='ocrx_word' id='word_1_113' title='bbox 1084 1376 1193 1421; x_wconf 81' lang='lat' dir='ltr'>vivis</span> <span class='ocrx_word' id='word_1_114' title='bbox 1208 1392 1317 1439; x_wconf 85' lang='lat' dir='ltr'>pene</span> <span class='ocrx_word' id='word_1_115' title='bbox 1351 1378 1463 1421; x_wconf 83' lang='lat' dir='ltr'>ima-</span> 
     </span>
     <span class='ocr_line' id='line_1_20' title="bbox 375 1441 1463 1503; baseline 0 -18"><span class='ocrx_word' id='word_1_116' title='bbox 375 1441 550 1503; x_wconf 86' lang='lat' dir='ltr'>ginibus</span> <span class='ocrx_word' id='word_1_117' title='bbox 576 1457 720 1485; x_wconf 87' lang='lat' dir='ltr'>recens</span> <span class='ocrx_word' id='word_1_118' title='bbox 752 1441 975 1486; x_wconf 82' lang='lat' dir='ltr'>excultae:</span> <span class='ocrx_word' id='word_1_119' title='bbox 999 1441 1219 1485; x_wconf 81' lang='lat' dir='ltr'>novissime</span> <span class='ocrx_word' id='word_1_120' title='bbox 1244 1456 1297 1484; x_wconf 87' lang='lat' dir='ltr'>ex</span> <span class='ocrx_word' id='word_1_121' title='bbox 1327 1441 1463 1485; x_wconf 81' lang='lat' dir='ltr'>colla-</span> 
     </span>
     <span class='ocr_line' id='line_1_21' title="bbox 382 1503 1463 1566; baseline -0.001 -16"><span class='ocrx_word' id='word_1_122' title='bbox 382 1508 494 1550; x_wconf 84' lang='lat' dir='ltr'>tione</span> <span class='ocrx_word' id='word_1_123' title='bbox 524 1503 796 1550; x_wconf 72' lang='lat' dir='ltr'>florentinae</span> <span class='ocrx_word' id='word_1_124' title='bbox 823 1505 1036 1566; x_wconf 82' lang='lat' dir='ltr'>fidelioris</span> <span class='ocrx_word' id='word_1_125' title='bbox 1066 1505 1376 1566; x_wconf 84' lang='lat' dir='ltr'>impressionis</span> <span class='ocrx_word' id='word_1_126' title='bbox 1418 1515 1463 1549; x_wconf 79' lang='lat' dir='ltr'>et</span> 
     </span>
     <span class='ocr_line' id='line_1_22' title="bbox 382 1567 1465 1632; baseline 0 -19"><span class='ocrx_word' id='word_1_127' title='bbox 382 1570 569 1613; x_wconf 65' lang='lat' dir='ltr'>ullarum</span> <span class='ocrx_word' id='word_1_128' title='bbox 585 1584 792 1614; x_wconf 77' lang='lat' dir='ltr'>omnlum,</span> <span class='ocrx_word' id='word_1_129' title='bbox 808 1584 915 1629; x_wconf 74' lang='lat' dir='ltr'>quae</span> <span class='ocrx_word' id='word_1_130' title='bbox 928 1569 1113 1613; x_wconf 66' lang='lat' dir='ltr'>invenll‘l</span> <span class='ocrx_word' id='word_1_131' title='bbox 1122 1579 1378 1630; x_wconf 68' lang='lat' dir='ltr'>POtuCYunC‚</span> <span class='ocrx_word' id='word_1_132' title='bbox 1395 1567 1465 1632; x_wconf 64' lang='lat' dir='ltr'>afr</span> 
     </span>
     <span class='ocr_line' id='line_1_23' title="bbox 369 1631 1465 1706; baseline 0.001 -29"><span class='ocrx_word' id='word_1_133' title='bbox 369 1633 515 1698; x_wconf 81' lang='lat' dir='ltr'>satim</span> <span class='ocrx_word' id='word_1_134' title='bbox 549 1633 806 1706; x_wconf 83' lang='lat' dir='ltr'>recognitae.</span> <span class='ocrx_word' id='word_1_135' title='bbox 846 1631 944 1677; x_wconf 88' lang='lat' dir='ltr'>Una</span> <span class='ocrx_word' id='word_1_136' title='bbox 985 1648 1081 1676; x_wconf 88' lang='lat' dir='ltr'>cum</span> <span class='ocrx_word' id='word_1_137' title='bbox 1117 1633 1465 1678; x_wconf 77' lang='lat' dir='ltr'>luculentissimis</span> 
     </span>
     <span class='ocr_line' id='line_1_24' title="bbox 382 1695 1465 1755; baseline 0 -12"><span class='ocrx_word' id='word_1_138' title='bbox 382 1698 696 1743; x_wconf 86' lang='lat' dir='ltr'>commentariis</span> <span class='ocrx_word' id='word_1_139' title='bbox 726 1695 950 1741; x_wconf 88' lang='lat' dir='ltr'>Bemardi</span> <span class='ocrx_word' id='word_1_140' title='bbox 987 1695 1233 1754; x_wconf 85' lang='lat' dir='ltr'>Saraceni,</span> <span class='ocrx_word' id='word_1_141' title='bbox 1267 1697 1465 1755; x_wconf 85' lang='lat' dir='ltr'>Joannis</span> 
     </span>
     <span class='ocr_line' id='line_1_25' title="bbox 381 1760 1463 1823; baseline 0.001 -16"><span class='ocrx_word' id='word_1_142' title='bbox 381 1761 507 1807; x_wconf 80' lang='lat' dir='ltr'>Petri</span> <span class='ocrx_word' id='word_1_143' title='bbox 526 1761 709 1817; x_wconf 85' lang='lat' dir='ltr'>vallae,</span> <span class='ocrx_word' id='word_1_144' title='bbox 740 1772 784 1813; x_wconf 80' lang='lat' dir='ltr'>et</span> <span class='ocrx_word' id='word_1_145' title='bbox 804 1760 988 1823; x_wconf 79' lang='lat' dir='ltr'>Pyladis</span> <span class='ocrx_word' id='word_1_146' title='bbox 1002 1760 1225 1807; x_wconf 83' lang='lat' dir='ltr'>Brixiani.</span> <span class='ocrx_word' id='word_1_147' title='bbox 1256 1762 1351 1807; x_wconf 89' lang='lat' dir='ltr'>Nec</span> <span class='ocrx_word' id='word_1_148' title='bbox 1377 1780 1463 1808; x_wconf 81' lang='lat' dir='ltr'>non</span> 
     </span>
     <span class='ocr_line' id='line_1_26' title="bbox 379 1825 1463 1890; baseline 0.002 -19"><span class='ocrx_word' id='word_1_149' title='bbox 379 1825 736 1873; x_wconf 75' lang='lat' dir='ltr'>observationibus</span> <span class='ocrx_word' id='word_1_150' title='bbox 764 1825 836 1871; x_wconf 88' lang='lat' dir='ltr'>Pii</span> <span class='ocrx_word' id='word_1_151' title='bbox 864 1825 1166 1873; x_wconf 79' lang='lat' dir='ltr'>Bononiensis:</span> <span class='ocrx_word' id='word_1_152' title='bbox 1203 1825 1394 1890; x_wconf 87' lang='lat' dir='ltr'>Ugoleti</span> <span class='ocrx_word' id='word_1_153' title='bbox 1422 1840 1463 1873; x_wconf 84' lang='lat' dir='ltr'>et</span> 
     </span>
     <span class='ocr_line' id='line_1_27' title="bbox 385 1888 1460 1955; baseline 0.001 -19"><span class='ocrx_word' id='word_1_154' title='bbox 385 1890 611 1952; x_wconf 88' lang='lat' dir='ltr'>Grapaldi</span> <span class='ocrx_word' id='word_1_155' title='bbox 644 1891 833 1938; x_wconf 80' lang='lat' dir='ltr'>scholia:</span> <span class='ocrx_word' id='word_1_156' title='bbox 860 1888 1149 1953; x_wconf 81' lang='lat' dir='ltr'>Anselmique</span> <span class='ocrx_word' id='word_1_157' title='bbox 1178 1890 1460 1955; x_wconf 79' lang='lat' dir='ltr'>Epiphyllidi-</span> 
     </span>
     <span class='ocr_line' id='line_1_28' title="bbox 384 1955 1463 2029; baseline 0.003 -30"><span class='ocrx_word' id='word_1_158' title='bbox 384 1955 472 2002; x_wconf 83' lang='lat' dir='ltr'>bus.</span> <span class='ocrx_word' id='word_1_159' title='bbox 493 1955 703 2029; x_wconf 47' lang='lat' dir='ltr'>Adjecto·</span> <span class='ocrx_word' id='word_1_160' title='bbox 686 1971 856 2018; x_wconf 79' lang='lat' dir='ltr'>insuper</span> <span class='ocrx_word' id='word_1_161' title='bbox 875 1956 1064 2016; x_wconf 80' lang='lat' dir='ltr'>eleganti</span> <span class='ocrx_word' id='word_1_162' title='bbox 1080 1955 1217 2001; x_wconf 83' lang='lat' dir='ltr'>indice</span> <span class='ocrx_word' id='word_1_163' title='bbox 1238 1974 1351 2002; x_wconf 89' lang='lat' dir='ltr'>nunc</span> <span class='ocrx_word' id='word_1_164' title='bbox 1366 1959 1463 2021; x_wconf 87' lang='lat' dir='ltr'>pri-</span> 
     </span>
     <span class='ocr_line' id='line_1_29' title="bbox 386 2020 1463 2082; baseline 0.004 -19"><span class='ocrx_word' id='word_1_165' title='bbox 386 2036 502 2064; x_wconf 84' lang='lat' dir='ltr'>mum</span> <span class='ocrx_word' id='word_1_166' title='bbox 530 2020 800 2080; x_wconf 84' lang='lat' dir='ltr'>excogitato:</span> <span class='ocrx_word' id='word_1_167' title='bbox 822 2021 895 2082; x_wconf 83' lang='lat' dir='ltr'>qui</span> <span class='ocrx_word' id='word_1_168' title='bbox 920 2022 1062 2065; x_wconf 87' lang='lat' dir='ltr'>omnia</span> <span class='ocrx_word' id='word_1_169' title='bbox 1082 2023 1463 2080; x_wconf 82' lang='lat' dir='ltr'>grammaticalia,</span> 
     </span>
     <span class='ocr_line' id='line_1_30' title="bbox 386 2084 1465 2149; baseline 0.003 -21"><span class='ocrx_word' id='word_1_170' title='bbox 386 2085 528 2129; x_wconf 78' lang='lat' dir='ltr'>omnia</span> <span class='ocrx_word' id='word_1_171' title='bbox 543 2084 795 2132; x_wconf 84' lang='lat' dir='ltr'>subobscura</span> <span class='ocrx_word' id='word_1_172' title='bbox 814 2084 1040 2131; x_wconf 81' lang='lat' dir='ltr'>vocabula,</span> <span class='ocrx_word' id='word_1_173' title='bbox 1066 2101 1207 2130; x_wconf 89' lang='lat' dir='ltr'>omnes</span> <span class='ocrx_word' id='word_1_174' title='bbox 1219 2085 1405 2149; x_wconf 86' lang='lat' dir='ltr'>fabulas</span> <span class='ocrx_word' id='word_1_175' title='bbox 1421 2099 1465 2131; x_wconf 83' lang='lat' dir='ltr'>et</span> 
     </span>
     <span class='ocr_line' id='line_1_31' title="bbox 388 2147 1463 2225; baseline 0.006 -34"><span class='ocrx_word' id='word_1_176' title='bbox 388 2147 610 2196; x_wconf 77' lang='lat' dir='ltr'>historias,</span> <span class='ocrx_word' id='word_1_177' title='bbox 637 2159 681 2192; x_wconf 87' lang='lat' dir='ltr'>et</span> <span class='ocrx_word' id='word_1_178' title='bbox 697 2164 880 2210; x_wconf 80' lang='lat' dir='ltr'>quaeque</span> <span class='ocrx_word' id='word_1_179' title='bbox 898 2148 1038 2209; x_wconf 83' lang='lat' dir='ltr'>digna</span> <span class='ocrx_word' id='word_1_180' title='bbox 1052 2151 1250 2225; x_wconf 79' lang='lat' dir='ltr'>cognitu,</span> <span class='ocrx_word' id='word_1_181' title='bbox 1266 2151 1463 2214; x_wconf 66' lang='lat' dir='ltr'>alphabe«</span> 
     </span>
     <span class='ocr_line' id='line_1_32' title="bbox 388 2211 1463 2275; baseline 0.004 -19"><span class='ocrx_word' id='word_1_182' title='bbox 388 2213 470 2256; x_wconf 86' lang='lat' dir='ltr'>tice</span> <span class='ocrx_word' id='word_1_183' title='bbox 486 2212 754 2258; x_wconf 78' lang='lat' dir='ltr'>dernenstrat.</span> <span class='ocrx_word' id='word_1_184' title='bbox 770 2212 827 2256; x_wconf 90' lang='lat' dir='ltr'>In</span> <span class='ocrx_word' id='word_1_185' title='bbox 842 2212 956 2258; x_wconf 85' lang='lat' dir='ltr'>fine:</span> <span class='ocrx_word' id='word_1_186' title='bbox 973 2211 1154 2259; x_wconf 81' lang='lat' dir='ltr'>Finiunt</span> <span class='ocrx_word' id='word_1_187' title='bbox 1166 2228 1323 2275; x_wconf 74' lang='lat' dir='ltr'>viginti</span> <span class='ocrx_word' id='word_1_188' title='bbox 1318 2215 1463 2260; x_wconf 91' lang='lat' dir='ltr'>Plau</span> 
     </span>
     <span class='ocr_line' id='line_1_33' title="bbox 389 2274 1463 2343; baseline 0.004 -23"><span class='ocrx_word' id='word_1_189' title='bbox 389 2277 427 2320; x_wconf 87' lang='lat' dir='ltr'>ti</span> <span class='ocrx_word' id='word_1_190' title='bbox 450 2274 692 2322; x_wconf 84' lang='lat' dir='ltr'>Comoediae</span> <span class='ocrx_word' id='word_1_191' title='bbox 714 2288 811 2340; x_wconf 87' lang='lat' dir='ltr'>post</span> <span class='ocrx_word' id='word_1_192' title='bbox 838 2294 977 2323; x_wconf 87' lang='lat' dir='ltr'>omnes</span> <span class='ocrx_word' id='word_1_193' title='bbox 1001 2280 1286 2343; x_wconf 83' lang='lat' dir='ltr'>impressiones</span> <span class='ocrx_word' id='word_1_194' title='bbox 1315 2281 1463 2341; x_wconf 82' lang='lat' dir='ltr'>ubique</span> 
     </span>
     <span class='ocr_line' id='line_1_34' title="bbox 388 2342 1460 2405; baseline 0.003 -20"><span class='ocrx_word' id='word_1_195' title='bbox 388 2349 602 2386; x_wconf 76' lang='lat' dir='ltr'>terrarum</span> <span class='ocrx_word' id='word_1_196' title='bbox 631 2358 810 2387; x_wconf 82' lang='lat' dir='ltr'>excusas</span> <span class='ocrx_word' id='word_1_197' title='bbox 839 2342 1159 2403; x_wconf 79' lang='lat' dir='ltr'>diligentissime</span> <span class='ocrx_word' id='word_1_198' title='bbox 1190 2347 1460 2405; x_wconf 73' lang='lat' dir='ltr'>recognitae,</span> 
     </span>
    </p>
   </div>
   <div class='ocr_carea' id='block_1_3' title="bbox 389 2406 1461 2476">
    <p class='ocr_par' dir='ltr' id='par_1_6' title="bbox 389 2406 1461 2476">
     <span class='ocr_line' id='line_1_35' title="bbox 389 2406 1461 2476; baseline 0.002 -23"><span class='ocrx_word' id='word_1_199' title='bbox 389 2421 630 2471; x_wconf 78' lang='lat' dir='ltr'>summaque</span> <span class='ocrx_word' id='word_1_200' title='bbox 659 2406 884 2472; x_wconf 77' lang='lat' dir='ltr'>diligentia</span> <span class='ocrx_word' id='word_1_201' title='bbox 915 2410 1178 2473; x_wconf 78' lang='lat' dir='ltr'>castigatae:</span> <span class='ocrx_word' id='word_1_202' title='bbox 1217 2412 1461 2476; x_wconf 81' lang='lat' dir='ltr'>impressae-</span> 
     </span>
    </p>
   </div>
  </div>
 </body>
</html>
