1650 2826
1339 206 1429 250 απ

242 360 700 426 AcTus
789 341 1356 416 PRIMUS.

582 508 1014 558 SCENAI.

282 654 707 699 ¹BUGLIO..
763 646 1306 688 STAPHFLA.

608 780 986 817 EUCLIO.

158 869 340 987 Em,
363 927 576 987 inquam.
602 939 710 989 age,
728 925 832 970 exi:
862 922 1142 970 exeundum
1170 925 1328 972 hercle
1352 925 1443 972 tibi

415 999 528 1045 hinc
552 1010 619 1045 est
640 998 758 1044 foras
771 1032 787 1056 ‚

166 1071 608 1132 circumspectatrix
634 1087 747 1117 cum
783 1071 930 1116 oculis
962 1070 1200 1118 ernissitiis.

551 1166 576 1200 s
614 1166 646 1199 T
680 1166 717 1199 A
751 1167 781 1200 P
815 1167 851 1200 Η
886 1168 920 1200 Y
956 1170 990 1202 L
1021 1171 1073 1203 A.

167 1241 292 1289 Nam
310 1255 396 1287 cur
410 1255 491 1286 me
511 1241 728 1288 miseram
746 1241 960 1289 verberas
973 1243 998 1289 Ρ

614 1341 647 1373 E
683 1340 719 1372 u
754 1341 781 1373 c
816 1341 847 1373 1.
882 1342 905 1373 1
940 1341 990 1374 o.

947 1410 1014 1457 Ut
1038 1412 1203 1458 misera
1226 1413 1312 1470 sis,

174 1487 336 1549 Atque
356 1498 413 1534 ut
430 1497 478 1532 te
496 1484 689 1549 dignam
706 1485 830 1529 mala
844 1485 1020 1529 malam
1038 1496 1239 1531 aetatem
1259 1487 1424 1550 exigas.

548 1584 572 1617 s
608 1584 640 1617 Τ
675 1584 711 1616 A
746 1585 776 1617 P
811 1584 847 1618 H
882 1585 915 1616 Y
949 1584 980 1617 L
1016 1585 1065 1618 A.

174 1660 298 1706 Nam
316 1646 413 1721 qua
428 1676 507 1706 me
526 1675 659 1707 nunc
675 1675 830 1706 caussa
848 1659 1084 1705 extrusisti
1103 1675 1163 1707 ex
1179 1659 1372 1707 aedibus
1382 1660 1406 1706 ?

646 1755 680 1788 E
715 1754 752 1787 U
785 1755 813 1788 c
848 1755 880 1787 L
914 1756 937 1788 1
973 1755 1022 1788 ο.

176 1828 293 1875 Tibi
321 1845 409 1893 ego
436 1829 671 1876 rationem
695 1828 894 1875 reddam
910 1864 924 1887 ,
947 1830 1251 1877 stimulorum
1278 1831 1438 1895 seges?

178 1899 300 1945 Illuc
330 1900 571 1964 regredere
601 1900 661 1946 ab
685 1900 805 1946 ostio
827 1920 837 1945 ε
869 1901 983 1947 illuc
1011 1901 1078 1946 sis.
1106 1901 1217 1947 vide
1233 1937 1247 1959 ‚
1274 1914 1328 1947 ut

177 1970 389 2016 Incedit!
427 1983 475 2017 at
503 1973 611 2023 scin’
645 1989 746 2032 quo
779 1973 930 2019 modo
962 1974 1051 2019 tibi
1077 1991 1146 2020 res
1174 1991 1221 2020 se
1249 1975 1427 2020 habet?

180 2043 230 2091 Si
246 2044 390 2091 hodie
412 2045 568 2091 hercle
595 2045 770 2092 fustem
796 2062 964 2107 cepero
978 2081 992 2104 ‚
1019 2059 1103 2093 aut
1133 2049 1383 2094 stimulum
1407 2050 1458 2094 in

433 2133 632 2162 manum
651 2151 667 2174 ‚

182 2189 534 2237 Testudineum
558 2191 703 2235 istum
723 2189 812 2236 tibi
830 2205 919 2253 ego
944 2189 1176 2254 grandibo
1205 2191 1416 2256 gradum.

562 2290 585 2323 S
621 2291 653 2323 T
688 2290 723 2323 A
756 2291 785 2323 P
821 2290 856 2324 H
888 2291 924 2323 Y
958 2290 989 2323 L
1024 2291 1074 2324 A.

188 2360 380 2409 Utinam
401 2378 481 2408 me
504 2361 619 2408 Divi
642 2361 835 2408 adaxint
857 2361 918 2407 ad
944 2362 1253 2424 suspendium

194 2432 357 2481 Potius
369 2434 595 2497 quidem,
615 2450 761 2496 quam
778 2435 871 2480 hoc
888 2446 1030 2497 pacto
1046 2436 1176 2496 apud
1188 2447 1237 2482 te
1253 2436 1461 2485 serviam.
