1650 2826
228 190 321 250 464
569 188 1177 243 CAPTEIVEI.
1417 218 1514 267 της

571 311 1168 350 STALAGMUS.

603 379 732 450 Quia
756 398 860 428 mos
884 395 951 428 est
970 384 1180 430 oblivisci
1198 381 1476 436 hom‘mibus
1491 424 1507 447 ,

229 447 403 510 Neque
422 449 640 508 novisse,
668 454 843 517 quojus
869 454 1004 500 nihili
1027 456 1084 501 sit
1109 455 1328 504 faciunda
1352 462 1507 524 gratia.

511 547 1220 591 PHILOCRATES.

229 619 322 667 Dic
349 620 498 668 mihi:
521 621 621 686 {sne
649 621 749 669 istic
777 622 869 669 fuit
884 658 899 681 ,
931 641 1079 685 quem
1112 625 1368 673 vendidisti
1396 645 1508 675 meo

482 690 631 756 patri,

232 767 339 835 Qui
363 766 483 813 mihi
510 767 755 829 peculiaris
784 767 899 814 datu
921 769 1006 815 ’sti'

573 860 1167 916 STALAAJMUS.

992 929 1003 947 ²
1023 930 1132 978 Istic
1149 967 1162 991 ,
1186 929 1326 998 hujus
1354 926 1489 982 filius.

724 1028 759 1061 Η
794 1029 825 1062 Ε
865 1029 896 1062 G
932 1030 953 1062 1
991 1031 1038 1064 ο.
1189 1040 1193 1043 ’

218 1085 426 1142 ‚Vivitne
450 1090 484 1137 is
512 1090 661 1136 homo
679 1089 702 1134 ‘z’

590 1185 612 1219 s
651 1185 682 1217 T
719 1185 753 1218 A
790 1183 820 1216 1.
857 1184 893 1217 A
929 1184 961 1218 G
997 1186 1040 1219 M
1076 1186 1114 1219 U
1149 1187 1190 1222 s.

530 1252 796 1318 Argentum
815 1253 974 1315 acc3epi
987 1289 1000 1311 ,
1022 1253 1092 1300 nil
1109 1254 1269 1303 curavi
1286 1251 1511 1321 ceterum.

722 1346 758 1379 H
792 1345 823 1378 Ε
861 1345 894 1379 G
928 1347 949 1380 1
986 1348 1034 1381 o.

188 1312 269 1334 ‘N

235 1398 373 1471 Quid
397 1409 454 1444 tu
481 1397 574 1444 ais?

533 1500 1236 1536 PHILOCRATES.

489 1562 625 1638 Quin
644 1565 743 1614 istic
762 1564 866 1630 ipsu
890 1569 943 1614 ’st
963 1561 1213 1632 Tyndarus
1232 1581 1340 1617 tuus
1357 1570 1479 1618 filius
1496 1602 1510 1628 ,

235 1646 300 1694 Ut
335 1643 535 1706 quidem
562 1643 638 1688 hic
663 1654 937 1707 argumenta
962 1644 1190 1709 loquitm.
1221 1661 1334 1691 nam
1357 1641 1393 1690 is
1412 1661 1511 1690 me-

489 1732 601 1761 cum
631 1733 657 1761 a
682 1733 831 1778 puero
863 1733 983 1778 puer
1291 1779 1294 1782 Α

238 1788 365 1837 Bene
390 1787 666 1851 pudiceque
695 1788 899 1838 educatu
913 1790 967 1835 ’st
992 1801 1145 1851 usque
1162 1788 1224 1835 ad
1239 1787 1531 1836 adulescen-.

491 1873 619 1907 tlam.

722 1952 757 1985 H
790 1954 820 1986 E
857 1953 889 1986 G
925 1954 945 1987 1
984 1955 1032 1988 o.
1432 1990 1435 1994 .
1479 1991 1485 2003 ,

238 2022 300 2070 Et
317 2021 456 2068 miser
480 2037 585 2067 sum
602 2055 615 2077 ‚
642 2031 690 2066 et
713 2019 978 2068 fortunatus
994 2057 1008 2078 ‚
1036 2022 1072 2067 si
1098 2031 1183 2070 v‘os‘
1204 2037 1312 2069 vera
1330 2021 1489 2069 dicitis.

211 2097 308 2143 -Eo
342 2098 479 2142 miser
510 2112 643 2151 sum,
685 2094 798 2154 quia
836 2096 959 2141 male
995 2095 1064 2140 illi
1102 2095 1218 2153 feci,
1251 2096 1288 2141 si
1319 2105 1482 2159 gnatus

490 2185 604 2214 meu
626 2164 692 2213 'st.

240 2244 373 2288 Eheu
392 2245 400 2287 !
425 2259 505 2289 cur
524 2259 611 2306 ego
634 2243 743 2303 plus
761 2242 975 2289 minusve
1001 2242 1090 2288 feci
1103 2276 1116 2300 ,
1138 2253 1282 2303 quam
1299 2250 1504 2301 aequom

487 2315 603 2361 fuit!

241 2386 392 2455 Quod
409 2388 531 2432 male
555 2388 643 2433 feci
657 2423 669 2443 ‚
695 2389 888 2436 crucior.
913 2387 1061 2436 modo
1074 2420 1089 2445 ,
1108 2387 1144 2432 si
1159 2384 1389 2433 infectum
1406 2387 1505 2434 fieri

489 2461 685 2520 possiet!
