1650 2826
210 414 232 425 ο

255 192 350 237 350
590 170 1223 219 BACCHIDES.
1427 176 1544 223 v.8

242 287 343 332 ⁴Per
367 282 696 346 sycophantias
715 281 737 327 ?
1183 330 1185 334 ,

607 380 634 412 c
671 375 705 412 Η
742 379 776 412 R
812 376 847 412 Y
885 378 907 411 s
942 377 978 410 A
1013 378 1044 411 L
1081 379 1116 411 U
1153 380 1191 413 s.

797 446 963 510 Egone
997 445 1118 492 istuc
1148 447 1281 495 dixi?

611 540 646 574 π
681 541 702 573 1
738 541 764 573 c
802 541 834 573 o
871 541 916 584 Β,
939 537 974 570 U
1009 538 1038 571 L
1076 541 1110 573 U
1149 541 1185 574 s.

1329 602 1447 653 Ita.-

604 685 1185 721 GHRYSALUS.

256 758 377 830 Quis
399 758 551 804 homo
582 768 648 802 est
667 791 680 814 ,
709 757 795 818 qui
818 757 941 802 dicat
963 774 1042 803 me
1063 758 1230 805 dixisse
1253 759 1408 808 istuc?

612 852 1192 888 NICOBULUS.

1401 909 1537 956 Tace.

252 979 426 1025 Nullus
445 979 595 1024 homo
618 976 756 1023 dicit:
786 979 874 1024 hae
908 979 1107 1026 tabellae
1130 992 1178 1027 te
1207 995 1412 1047 arguunt
1428 1020 1442 1042 ‚

253 1054 384 1123 Quas
402 1063 458 1098 tu
474 1050 685 1101 attulisti.
717 1051 829 1095 hem
847 1086 860 1108 ,
885 1052 973 1096 hae
993 1063 1040 1098 te
1061 1053 1227 1100 vinciri
1239 1055 1429 1118 jubent.

611 1149 639 1180 C
676 1149 710 1181 H
746 1149 778 1183 R
814 1150 846 1181 Y
887 1149 908 1182 S
947 1151 981 1182 A
1017 1151 1048 1183 L
1084 1150 1119 1183 U
1157 1152 1194 1186 S.

1406 1216 1537 1263 Aha!

259 1283 684 1344 Bellerophontem
706 1283 807 1345 jam
842 1293 953 1328 tuus
985 1301 1064 1329 me
1095 1280 1205 1331 fecit
1236 1284 1371 1334 filius.

258 1358 464 1421 Egomet
487 1356 678 1401 tabellas
709 1356 893 1412 detuli,
919 1367 974 1402 ut
1005 1358 1235 1404 vincirer?
1270 1361 1399 1406 sine!

610 1446 1221 1490 NICOBUL'US.‘

254 1525 507 1584 Propterea
536 1522 631 1568 hoc
657 1508 810 1579 facio⁷‚
837 1533 893 1567 ut
924 1522 1112 1568 suadeas
1140 1534 1283 1588 gnato
1313 1539 1424 1573 meo

254 1597 319 1643 Ut
338 1607 664 1660 pergraecetur
687 1607 851 1641 tecum
865 1630 878 1653 ‚
906 1597 1202 1642 tervenefice.

601 1696 626 1728 c
664 1694 698 1726 H
735 1695 768 1727 R
805 1694 839 1726 Y
876 1694 898 1727 s
937 1694 970 1726 A
1005 1694 1035 1726 L
1073 1694 1107 1726 U
1145 1695 1182 1727 s.

253 1767 301 1812 O
327 1767 497 1821 stulte,
523 1766 692 1821 stulte,
726 1765 871 1809 nescis
899 1781 1030 1810 nunc
1059 1765 1246 1810 vaenire
1268 1776 1344 1811 te:

251 1840 414 1902 Atque
439 1839 489 1884 in
519 1855 575 1883 eo
605 1838 707 1899 ipso
731 1849 843 1883 astas
876 1838 1032 1900 lapide
1051 1873 1064 1895 ,
1094 1838 1180 1885 ubi
1207 1855 1376 1900 praeco
1403 1854 1536 1902 prae—

508 1910 646 1957 dicat.

605 2006 639 2038 N
674 2006 695 2038 I
731 2006 756 2038 C
795 2006 827 2038 Ο
866 2005 893 2038 Β
931 2006 965 2038 U
1002 2006 1031 2038 L
1071 2007 1106 2039 U
1143 2006 1182 2040 S.

250 2073 532 2137 Responde:
555 2075 662 2135 quis
689 2091 768 2119 me
796 2074 999 2120 vendit?

599 2175 626 2206 C
663 2174 697 2207 H
733 2176 766 2208 R
801 2174 836 2207 Y
873 2173 895 2206 S
933 2173 967 2205 A
1001 2172 1031 2205 L
1069 2170 1104 2204 U
1143 2172 1178 2205 S.

1029 2230 1191 2309 Quem
1208 2239 1288 2284 Dii
1306 2237 1531 2302 diligunt,
1571 2272 1575 2278 -

251 2310 538 2356 Adulescens
561 2313 789 2372 moritur,
817 2313 935 2359 dum
955 2314 1106 2369 valet,
1127 2311 1266 2356 sentit
1283 2346 1294 2367 ,
1315 2312 1444 2372 sapit.

252 2384 398 2429 Hunc
423 2384 458 2428 si
489 2386 611 2430 ullus
639 2387 770 2431 Deus
793 2398 968 2433 amaret
986 2421 998 2442 ,
1020 2386 1125 2445 plus
1151 2383 1284 2428 annis
1308 2384 1473 2431 decem
1490 2420 1504 2443 ,
1529 2423 1536 2426 ,

251 2456 359 2502 Plus
380 2456 481 2520 jam
502 2457 668 2520 viginti
694 2471 943 2506 mortuum
968 2474 1059 2504 esse
1090 2457 1302 2519 oportuit
1323 2476 1334 2505 ς
