1650 2826
136 187 259 245 v.65
425 178 712 230 ACTUS
760 179 838 226 ῙῙ.
889 176 991 226 S‘C.
1042 179 1141 226 VI.
1314 195 1405 241 503

522 298 551 331 c
583 296 620 331 Η
652 298 688 331 A
721 297 752 330 L
787 296 807 330 1
842 295 875 329 N
912 294 947 328 U
982 295 1020 328 s.
1373 337 1384 344 ι

737 363 862 409 Mala
888 378 1006 409 crux
1034 379 1086 408 ea
1110 364 1166 410 'st
1192 363 1406 426 quidem.

243 495 246 497 ‚
446 451 474 484 c
508 450 540 484 L
576 451 605 483 ιτ.
645 449 678 483 o
715 449 738 482 s
773 450 806 482 τ
841 451 877 487 R
909 448 944 482 A
979 446 1010 481 Τ
1046 449 1094 482 A.

137 510 298 559 Victus
326 526 399 570 es,
428 510 637 559 Chaline.

550 606 573 640 s
609 606 640 638 T
677 606 712 638 A
750 606 781 639 1.
815 605 836 638 1
871 605 906 639 N
941 606 988 639 ο.

543 671 677 717 Tum
707 687 793 717 nos
822 670 907 717 diu
935 670 1120 728 vivere,
1141 670 1407 734 Olympio,

132 741 342 796 Gaudeo.

540 820 573 854 0
608 820 638 853 L
674 819 709 853 Y
744 819 789 853 M
823 819 851 852 P
890 819 911 852 1
949 820 997 853 Ο.

192 890 369 936 Pietate
386 888 565 936 factum
578 890 632 935 ’st
650 905 755 935 mea
767 924 781 947 ,
798 900 945 950 atque
967 889 1203 953 majorum
1221 905 1402 935 meum.

538 983 567 1018 >s
603 984 635 1017 Τ
670 984 705 1017 A
740 983 770 1016 1.
806 982 826 1015 1
860 983 894 1016 N
929 984 977 1016 o.

129 1056 260 1102 Intro
286 1057 389 1114 abi,
414 1071 536 1103 uxor
551 1090 565 1112 ,
593 1067 739 1116 atque
767 1055 943 1101 adorna
964 1056 1164 1116 nuptias.

447 1147 475 1180 C
511 1149 542 1182 L
574 1148 605 1180 E
643 1147 675 1181 O
713 1146 736 1180 S
772 1147 803 1179 T
839 1148 872 1180 R
906 1148 941 1180 A
975 1147 1007 1180 Τ
1043 1147 1090 1180 A.

920 1215 1133 1274 Faciam,
1165 1216 1396 1280 utjubes.

546 1300 569 1334 s
605 1301 637 1332 Τ
672 1300 706 1333 A
741 1300 769 1332 L
807 1300 827 1332 1
861 1300 895 1332 N
933 1299 982 1331 o.

128 1369 248 1416 Scin’
277 1379 331 1416 tu
358 1370 454 1415 ruri
480 1385 576 1415 esse
602 1369 663 1414 ad
691 1369 852 1415 villam
884 1368 1054 1430 longe,
1085 1384 1185 1431 quo
1214 1368 1392 1414 ducat?

434 1466 1081 1503 CLEOSTRATA.

983 1533 1104 1581 Scio.

543 1613 985 1647 STALINO.

453 1652 483 1686 ⁸
1104 1666 1111 1671 ’
1126 1666 1259 1712 Intro
1282 1668 1358 1714 abi
1376 1688 1391 1714 τ

122 1735 182 1781 Et
209 1750 502 1795 quamquam
531 1735 624 1782 hoc
655 1735 743 1782 tibi
760 1737 813 1782 'st
845 1753 1005 1801 aegre,
1033 1747 1195 1784 tamen
1220 1737 1290 1786 fac
1314 1756 1389 1786 ac-

370 1824 513 1854 cures.

435 1898 1075 1934 CLEOS‘TRA'I'A.

1240 1955 1392 2001 Licet.

538 2027 975 2061 STALINO.

122 2095 291 2142 Eamus
304 2108 390 2141 nos
408 2109 607 2155 quoque
627 2094 769 2151 intro,
783 2095 1029 2141 hortemur
1046 2106 1102 2140 ut
1114 2109 1383 2158 properent.

521 2186 554 2219 Ο
588 2186 620 2220 1.
655 2186 689 2219 Y
725 2185 768 2221 M
802 2187 831 2220 P
866 2188 887 2220 1
924 2189 971 2222 Ο.

913 2253 1166 2314 Numquid
1186 2271 1345 2302 moror
1362 2257 1391 2301 Ξ*

540 2346 564 2380 s
601 2347 634 2379 'r
668 2346 702 2379 A
737 2347 768 2379 Ι,
804 2347 824 2378 1
861 2347 894 2380 N
930 2345 979 2380 ο.

123 2413 244 2458 Nam
261 2425 499 2486 praepente
515 2415 607 2460 hoc
628 2415 763 2475 plura
779 2413 919 2461 verba
937 2429 1038 2459 non
1061 2400 1292 2462 desidero·

1062 2490 1084 2534 I
1111 2490 1126 2533 i
1160 2506 1191 2549 4
