1650 2826
252 201 309 269 76
563 203 1219 256 AMPHITRUO.
1415 216 1534 262 v.18

246 312 363 382 Quo
391 322 439 357 te
468 312 675 358 avortisti
692 312 714 356 Ξ)

621 410 656 442 A
693 409 723 442 L
760 409 786 440 c
824 409 859 441 U
895 411 936 443 M
973 411 1002 442 E
1039 411 1070 443 N
1111 411 1158 442 A.

731 484 804 530 Ita
833 484 1080 553 ingenium
1115 501 1282 532 meum
1311 488 1393 534 ’st‘z

175 581 178 587 -
244 553 466 599 Inimicos
494 569 678 616 semper
709 572 786 601 osa
811 573 916 602 sum
943 556 1192 602 obtuerier.

630 656 653 696 J
690 655 724 686 U
766 656 793 688 P
834 656 862 688 P
897 656 918 688 1
956 656 986 688 T
1021 657 1051 689 E
1087 658 1134 690 R.

239 726 362 772 Heia
394 736 556 773 autem
582 727 820 772 inimicos!

616 823 653 856 A
688 823 719 856 L
755 822 782 854 C
820 821 854 854 U
893 822 934 854 M
970 822 999 855 E
1037 823 1072 856 N
1107 822 1156 856 A.

870 894 944 940 Sic
968 906 1046 939 est.
1081 910 1191 940 vera
1214 893 1458 955 praedico:

239 969 339 1015 Nisi
365 970 507 1015 etiam
535 969 629 1014 hoc
660 967 772 1014 falso
804 967 925 1024 dici,
955 966 1307 1013 insimulaturus
1334 983 1393 1012 es.

644 1064 1144 1106 JUPPITER.

230 1139 388 1202 ¹Nimis
414 1138 683 1185 verecunda
703 1156 760 1184 es.

620 1238 1222 1274 ALCUMENA.·

695 1313 850 1359 Potin'
875 1331 943 1372 eS,
965 1325 1020 1360 ut
1038 1314 1266 1359 abstineas
1289 1313 1524 1359 manum?
1557 1351 1561 1355 ,

236 1387 362 1435 Nam
386 1398 513 1435 certo
537 1388 573 1433 si
596 1388 650 1433 sis
676 1404 837 1446 sanuS,
857 1399 939 1435 aut
965 1388 1106 1450 sapias
1131 1388 1233 1433 satis
1249 1422 1263 1444 ,

238 1463 403 1532 Quam
433 1474 488 1508 tu
519 1461 796 1523 inpudicam
825 1479 918 1509 esse
945 1463 1165 1508 arbitrere
1189 1472 1236 1507 et
1257 1459 1519 1522 praedices,

237 1536 365 1581 Cum
384 1552 436 1581 ea
453 1545 506 1579 tu
532 1551 802 1581 sermonem
823 1552 912 1582 nec
933 1537 1045 1599 joco
1059 1570 1073 1592 ,
1090 1550 1179 1580 nec
1208 1533 1326 1579 serio

236 1608 351 1654 Tibi
380 1607 575 1664 habeas,
611 1608 698 1653 nisi
726 1609 780 1653 sis
807 1608 993 1654 stultior
1019 1607 1324 1653 stultissumo.

626 1706 1127 1746 JUPPITER.

236 1778 284 1824 Si
308 1779 432 1836 dixi,
457 1781 609 1826 nihilo
631 1782 776 1845 magis
795 1799 862 1838 es,
883 1796 1044 1840 neque
1069 1796 1156 1843 ego
1177 1795 1270 1824 esse
1289 1778 1484 1826 arbitror
1501 1813 1516 1836 ,

234 1851 296 1897 Et
323 1851 375 1896 id
398 1853 493 1897 huc
522 1853 725 1909 revorti,
750 1853 822 1898 uti
847 1869 925 1897 me
955 1867 1205 1914 purgarem
1231 1850 1332 1896 tibi.

233 1922 359 1970 Nam
410 1940 685 1985 numquam
739 1925 1009 1986 quidquam
1061 1940 1172 1969 meo
1215 1923 1376 1969 animo
1424 1923 1519 1971 fuit

487 2010 664 2058 aegrius
679 2028 694 2052 ,

235 2067 399 2137 Quam
427 2078 686 2129 postquam
713 2066 900 2124 audivi,
924 2066 1007 2113 ted
1031 2083 1123 2114 esse
1150 2068 1315 2114 iratam
1339 2068 1471 2114 mihi.

236 2142 333 2186 Cur
351 2141 537 2186 dixisti?
566 2141 766 2201 inquies,
795 2156 882 2204 ego
910 2141 1162 2202 expediam
1187 2141 1288 2187 tibi.

233 2212 346 2257 Non
360 2246 373 2268 ,
394 2212 592 2273 edepol,
618 2229 719 2274 quo
737 2224 785 2258 te
807 2229 899 2258 esse
921 2212 1197 2275 inpudicam
1218 2212 1479 2259 crederem:

232 2283 416 2330 Verum
438 2285 723 2344 periclitatus
752 2286 968 2332 animum
997 2302 1103 2331 sum
1133 2296 1300 2342 tuum,

234 2355 371 2426 Quid
392 2355 560 2403 faceres
576 2392 589 2414 ‚
612 2369 659 2404 et
686 2376 786 2420 quo
813 2370 952 2420 pacto
977 2358 1029 2403 id
1046 2357 1164 2404 ferre
1187 2359 1446 2406 induceres.

233 2428 475 2490 Equide'm
498 2431 611 2492 joco
641 2432 719 2477 illa
749 2432 958 2477 dixeram
988 2431 1177 2476 dudum
1207 2430 1324 2488 tibi,

232 2500 437 2547 Ridiculj
462 2517 641 2548 caussa:
672 2506 749 2549 vel
774 2504 904 2550 hunc
932 2514 1094 2568 rogato
1121 2503 1312 2551 Sosiam.
