1650 2826
100 226 224 273 v.94
419 205 709 256 ACTUS
773 207 811 252 Ι.
861 203 966 254 SC.
1013 207 1050 253 Ι.
1287 211 1378 271 561

106 317 228 364 Inde
254 316 305 362 in
332 315 583 362 amicitiam
610 313 865 360 insinuavit
886 329 999 360 cum
1025 322 1175 361 matre
1201 325 1249 362 et
1274 332 1379 363 me·-

362 405 474 435 cum
504 387 674 443 simul,

112 462 385 520 Blanditiis,
408 459 687 508 muneribus
704 492 718 515 ‚
751 456 899 503 donis.

447 556 482 590 G
516 557 551 590 Y
587 557 629 590 M
665 557 697 589 N
733 555 767 588 A
803 555 825 588 S
862 554 884 587 I
920 554 956 586 U
992 555 1049 587 M.

479 624 601 671 Mihi
622 624 765 670 istum
793 623 1041 668 hominem
1062 624 1236 669 vellem
1261 624 1386 684 dati,

116 696 183 746 Ut
206 714 292 762 ego
320 698 460 743 illum
484 697 743 743 versarem!

100 762 118 831 f
500 772 1001 825 siLENItrm.

486 858 624 929 Quid
642 875 742 919 opu
758 858 812 902 'st
833 857 1019 904 ve1bis?
1048 857 1394 909 consuetudine

127 931 277 994 Coepi
295 947 448 979 amare
464 941 626 978 contra
644 947 733 994 ego
751 931 889 976 illum
903 965 919 988 ,
938 942 986 976 et
1005 930 1084 976 isse
1106 947 1199 976 me.

618 1024 650 1057 L
683 1024 714 1056 E
748 1025 782 1058 N
818 994 867 1057 X.

884 1097 1333 1164 OmeaSilenium!

526 1190 549 1224 S
584 1193 603 1225 1
638 1191 668 1223 L
701 1190 732 1223 E
766 1191 801 1224 N
834 1191 855 1224 I
890 1190 927 1223 U
962 1191 1019 1225 M.

1142 1250 1280 1318 Quid
1304 1252 1401 1297 est?

649 1333 679 1367 Ι.
714 1334 746 1367 Ε
780 1334 814 1367 Ν
848 1333 897 1367 Α.
1123 1350 1126 1353 Δ

136 1399 415 1448 Assimulare
442 1417 596 1447 amare
622 1411 823 1462 oportet.
859 1416 972 1447 nam
1004 1401 1041 1446 si
1070 1418 1195 1448 ames
1224 1414 1407 1450 extem-

388 1474 506 1534 pulo
524 1507 540 1530 ,

141 1547 312 1594 Melius
340 1546 410 1592 illi
434 1547 620 1603 multo,
643 1561 793 1606 quem
819 1561 972 1603 ames,
999 1546 1236 1604 consulas,
1262 1561 1410 1606 quam

391 1638 458 1668 rei
489 1632 611 1667 tuae.

533 1713 1027 1747 SILENIUM.

151 1784 216 1832 At
252 1785 331 1830 ifle
367 1782 604 1844 conceptis
637 1782 813 1846 juravit
845 1783 999 1829 verbis
1035 1780 1167 1843 apud
1205 1792 1404 1827 matrem

404 1873 588 1911 meam,

154 1931 236 1976 Me
261 1945 462 1975 uxorem
481 1928 738 1973 ductumm
764 1943 855 1972 esse
876 1947 886 1972 :
913 1927 956 1973 ei
979 1942 1110 1972 nunc
1130 1926 1217 1971 alia
1240 1924 1419 1971 ducen-

414 2001 474 2046 da
499 2002 554 2045 'st
585 2000 786 2045 domurn
803 2034 818 2057 ,

160 2072 254 2120 Sua
272 2084 467 2136 cognata
483 2071 772 2118 Lemniensis
786 2106 800 2128 ,
819 2087 941 2132 quae
958 2072 1136 2118 habitat
1154 2072 1231 2117 hic
1250 2071 1300 2116 in
1315 2087 1424 2133 pro-

410 2161 575 2191 xumo.
698 2198 701 2199 ⁷

163 2220 288 2267 Nam
320 2236 432 2265 eum
466 2230 597 2279 pater
632 2218 728 2282 ejus
762 2217 958 2281 subegit.
992 2233 1124 2264 nunc
1150 2234 1256 2264 mea
1277 2228 1428 2263 mater

416 2293 527 2337 irata
557 2303 624 2337 est
648 2291 795 2347 mihi,

171 2367 300 2436 Quia
318 2383 418 2412 non
434 2365 649 2411 redierim
669 2365 873 2410 domum
889 2362 949 2411 ad
963 2380 1033 2423 se,
1053 2362 1308 2426 postquam
1329 2377 1432 2408 eam

423 2457 522 2487 rem
546 2436 805 2487 resciverim
818 2472 834 2498 ,

238 2510 324 2557 Vol.
356 2512 405 2559 Is
1139 2508 1186 2553 N
1207 2522 1241 2553 n
