1650 2826
195 169 287 229 318
518 160 1153 240 ssACCHIDES:
1335 173 1475 220 v.18

194 282 330 347 Nego
359 280 444 328 tibi
467 280 560 326 hoc
589 278 720 325 annis
745 277 911 342 viginti
946 277 1082 323 fuisse
1106 277 1266 339 primis
1285 274 1477 341 copiae,

195 356 416 420 Digitum
446 355 587 416 longe
626 370 651 397 a
687 351 960 414 paedagogo
998 351 1174 412 pedem
1207 363 1262 397 ut
1301 352 1482 399 efferres

421 430 424 434 ’
449 426 656 473 aedibuS.

196 509 257 557 Id
285 508 402 570 quoi
430 507 658 571 obtigerat
674 540 687 562 ‚
712 505 804 550 hoc
834 504 974 550 etiam
1003 505 1063 551 ad
1083 507 1266 553 malum
1293 523 1482 554 arcesse-

403 613 406 617 ·
457 580 595 625 batur
627 579 835 627 malum3

197 661 261 709 Et
283 660 538 720 discipulus
565 669 611 703 et
637 657 851 722 magister
879 659 1248 720 perhibebantur
1269 661 1471 722 inprobi.

199 735 327 781 Ante
357 731 519 778 Solem
554 730 848 777 exorientem
885 731 973 777 nisi
1011 732 1062 777 in
1096 734 1367 794 palaestram
1401 749 1485 780 ve-

461 822 590 852 neras
608 839 622 864 ‚

203 881 434 948 Gymnasi
463 879 699 943 praefecto
730 880 860 929 haud
887 881 1134 930 mediocris
1163 900 1338 945 poenas
1365 900 1486 947 pen-

460 954 601 1002 deres.

205 1031 280 1078 Ibi
297 1047 433 1075 cursu
449 1064 461 1086 ,
481 1028 709 1074 luctando
725 1064 738 1086 ,
757 1029 907 1086 hasta,
929 1029 1073 1088 disco,
1095 1031 1346 1095 pugillatu,
1362 1033 1456 1094 pila
1469 1064 1485 1090 ‚

204 1102 425 1152 Saliendo
443 1118 537 1147 sese
555 1101 835 1147 exercebant
851 1103 993 1166 magis
1004 1137 1017 1160 ‚
1037 1119 1184 1163 quam
1202 1115 1354 1151 scorto
1369 1139 1383 1162 ‚
1400 1115 1484 1151 aut

460 1191 616 1219 savus:

211 1249 286 1296 Ibi
316 1264 444 1294 suam
476 1258 678 1292 aetatem
697 1244 1019 1292 extendebant
1031 1281 1045 1303 ,
1063 1247 1233 1293 nonin
1255 1248 1492 1294 latebrosis

463 1316 590 1363 locis.

198 1392 332 1440 Inde
361 1392 422 1438 de
457 1390 782 1452 hippodromo
818 1402 864 1437 et
892 1392 1114 1452 palaestra
1135 1391 1221 1439 ubi
1244 1392 1491 1439 revenisses

469 1467 672 1512 domum
687 1500 701 1522 ‚

214 1540 480 1587 Cincticulo
514 1538 807 1599 praecinctus
841 1539 890 1583 in
922 1538 1031 1584 sella
1059 1537 1190 1600 apud
1217 1539 1492 1603 magistrum

465 1619 704 1665 assideres:
1466 1672 1469 1674 ,

216 1696 390 1765 Quom
408 1695 583 1740 librum
605 1696 776 1758 legeres
791 1729 805 1752 ‚
829 1695 864 1739 si
889 1711 1034 1742 unam
1057 1688 1336 1757 peccavisses
1357 1695 1495 1757 sylla-

465 1768 577 1812 bam
598 1801 610 1823 ,
667 1822 670 1823 ⁷

219 1841 374 1888 Fieret
405 1840 588 1886 corium
624 1844 721 1884 tam
751 1840 1077 1897 maculosum,
1099 1856 1245 1927 quam
1265 1851 1332 1887 est
1348 1840 1498 1887 nutri-

475 1912 536 1958 cis
560 1911 772 1973 palhum.

498 2011 1210 2046 MNESILOCHUS.

217 2089 413 2150 Propter
443 2104 523 2134 me
552 2088 665 2132 haec
683 2103 814 2133 nunc
833 2104 942 2133 meo
963 2088 1109 2134 sodali
1131 2089 1222 2135 dici
1245 2074 1494 2136 discrucior

472 2161 621 2207 miser.
1493 2210 1498 2212 ,

220 2233 456 2280 Innocens
489 2234 806 2295 suspicionem
832 2234 954 2279 hanc
985 2234 1180 2280 sustinet
1204 2249 1354 2281 caussa
1375 2251 1494 2281 mea.

541 2340 568 2371 Ρ
607 2341 639 2372 Η
675 2342 693 2373 1
730 2342 758 2374 L
797 2343 829 2374 o
866 2343 900 2378 X
935 2343 964 2375 E
1003 2345 1035 2377 N
1075 2343 1108 2376 U
1145 2343 1183 2376 s.

221 2405 314 2451 Alii
329 2440 341 2463 7
365 2406 498 2467 Lyde
516 2441 528 2462 9
549 2425 678 2454 nunc
699 2423 809 2456 sunt
831 2428 996 2457 mores.
