1650 2826
219 167 317 226 258
537 159 1183 211 AULULARIA.
1379 178 1500 212 v.11

581 289 1157 324 LYCONIDES.

222 365 361 439 Quid
392 367 460 414 vis
493 365 625 411 fieri?
657 363 839 411 factum
861 363 915 409 ’st
944 362 1099 410 illud:
1135 363 1236 410 fieri
1268 361 1502 412 infectum

474 454 577 485 non
600 445 771 500 potest.
1105 438 1110 443 “

223 523 351 573 Deos
379 522 520 569 credo
538 521 739 569 voluisse
757 539 767 565 t
797 536 909 566 nam
929 522 981 567 ni
996 522 1176 568 vellent
1189 556 1202 579 ,
1222 537 1324 568 non
1342 523 1501 582 fieret,

478 596 586 642 scio.
1220 590 1231 597 ”

677 681 708 713 Ε
747 681 782 714 U
814 682 840 714 c
877 681 907 714 1.
941 682 963 715 1
999 681 1045 714 o.

225 757 289 806 At
327 775 414 824 ego
443 758 572 805 Deos
604 757 747 805 credo
778 757 978 804 voluisse
997 792 1010 816 ‚
1042 769 1100 805 ut
1125 759 1256 822 apud
1281 776 1360 807 me
1382 771 1430 808 te
1452 761 1503 808 in

478 849 626 879 nervo
652 830 848 878 enicem.

581 932 1152 968 LYCONIDES.

226 998 302 1046 Ne
330 999 449 1045 istuc
474 998 605 1044 dixis.

680 1085 1054 1120 EUCLIO.

425 1155 564 1226 Quid
580 1155 670 1203 tibi
689 1156 799 1222 ergo
819 1173 977 1203 meam
992 1173 1071 1203 me
1092 1157 1246 1205 invito
1263 1159 1405 1209 tactio
1420 1159 1508 1207 ’sti’

582 1257 615 1291 L
650 1259 685 1292 Y
722 1259 749 1290 C
787 1258 818 1290 O
854 1259 888 1291 N
923 1258 944 1291 1
979 1259 1015 1291 D
1049 1258 1079 1291 E
1116 1258 1156 1293 S.

228 1336 360 1407 Quia
386 1336 486 1383 vini
515 1335 633 1383 vitio
661 1347 807 1398 atque
837 1338 1005 1383 amoris
1036 1335 1139 1382 feci.

666 1437 699 1470 E
737 1437 771 1470 U
807 1437 835 1469 c
869 1435 901 1470 1.
937 1437 958 1469 1
994 1437 1042 1470 o.

472 1555 484 1573 ,
964 1513 1130 1559 Homo
1160 1511 1477 1559 audacissume
1500 1513 1510 1556 !

233 1582 364 1636 Cum
385 1588 560 1635 istacin’
583 1598 632 1634 te
650 1577 863 1634 oratione
881 1588 978 1634 huc
1003 1587 1064 1633 ad
1080 1603 1159 1633 me
1177 1585 1302 1632 adise
1318 1602 1485 1631 ausum
1497 1619 1511 1643 ‚

492 1660 730 1723 inpudens
746 1660 769 1705 Ρ

231 1739 360 1786 Nam
380 1741 416 1785 si
441 1740 561 1786 istuc
571 1741 649 1804 jus
676 1751 769 1797 est,
787 1749 843 1785 ut
864 1749 920 1785 tu
942 1740 1062 1785 istuc
1079 1755 1294 1785 excusare
1312 1738 1483 1800 possies
1497 1739 1523 1796 ,’

230 1812 365 1860 Luce
385 1813 508 1858 claro
529 1812 812 1873 deripiamus
835 1828 1004 1857 aurum
1022 1811 1247 1857 matronis
1265 1812 1446 1873 palam3

233 1884 347 1932 Post
370 1885 448 1942 id,
475 1885 511 1930 si
539 1884 756 1946 prehensi
782 1885 924 1931 simus
941 1920 956 1943 ,
988 1901 1289 1943 excusemus„
1318 1885 1470 1931 ebrios

168 1955 173 1964 '
233 1954 335 2004 Nos
361 1955 518 2020 fecisge
551 1955 720 2002 amoris
758 1972 924 2002 caussa.
963 1955 1110 2002 nimis-
1134 1955 1228 2002 vile
1258 1956 1313 2002 'st
1344 1956 1514 2002 vinum

487 2040 633 2091 atque
664 2046 796 2076 amor
813 2064 828 2088 ,
1261 2044 1264 2046 ’

235 2107 287 2158 Si
319 2109 450 2158 ebrio
476 2121 622 2171 atque
643 2111 822 2157 amanti
844 2111 1029 2173 inpune
1057 2110 1206 2158 facere
1223 2144 1239 2170 ,
1273 2108 1410 2171 quod
1435 2107 1511 2152 lu·-

489 2184 600 2232 beat
619 2220 633 2243 ,
664 2185 786 2231 ficet.

589 2284 1157 2320 LYCONIDES.

235 2351 376 2422 Quin
401 2358 490 2406 tibi
515 2362 642 2408 ultro
666 2364 982 2426 supplicatum
1005 2361 1147 2410 venio
1179 2359 1245 2406 ob
1266 2360 1510 2408 stultitiam

491 2449 660 2481 meam.

1645 1493 1650 1535 ..,.
1643 1293 1650 1475 ...ι-..μ-...ῌ-..ή
1646 1237 1650 1269 .2.
1645 1188 1650 1225 ΛΑ...
1646 1067 1650 1173 .,.-.Λ.,-
1645 1034 1650 1041 .
