1650 2826
2 2066 18 2084 ,ἣ

4 2092 18 2114 Ἀ

3 2122 7 2130 2
12 2118 20 2133 ῐ

0 2269 2 2294 t

0 2157 29 2809 iiij-¹¹

13 2264 21 2283 ⁴,

124 185 252 237 ms
408 234 413 236 s
474 181 758 235 AcTth
809 183 848 229 1.
905 182 1013 230 sc,
1069 185 1107 230 ι
1300 203 1392 246 555

123 285 226 331 Nec
243 319 257 342 ,
285 285 372 331 nisi
402 285 671 347 disciplina,
699 287 830 348 apud
855 299 904 335 te
930 289 1023 336 fuit
1052 289 1320 352 quidquam

123 357 226 415 lbi,
251 357 372 419 quin
399 356 521 403 mihi
553 358 769 418 placeret.

505 457 529 491 s
564 458 584 490 1
620 459 651 492 1.
684 459 716 492 Ε
751 460 784 494 N
821 460 842 492 1
878 460 914 492 U
950 459 1005 492 Μ.

812 527 949 597 Quid
978 527 1069 584 ita,
1096 527 1300 573 amabo?

627 628 657 660 Ι,
692 629 723 661 Ε
758 630 791 661 N
826 630 875 663 A.

123 698 244 746 Raro
284 699 490 745 nimium
530 699 670 746 dabat
708 701 846 761 quod
881 702 1094 748 biberem
1120 721 1131 748 :
1165 714 1311 764 atque
1343 701 1396 747 id

381 789 571 818 mesum

120 844 401 892 Infuscabat.
886 902 890 905 ,

465 931 568 964 αἵ
603 932 646 964 Μ
679 932 712 964 N
748 931 782 964 A
818 932 840 964 s
874 933 895 964 1
933 933 967 965 U
1003 934 1061 966 M.

404 998 616 1056 Amabo,
643 998 825 1044 hiccine
854 999 982 1045 istud
1011 1000 1185 1047 decet?

624 1098 653 1130 L
689 1099 718 1130 Ε
756 1100 787 1131 N
822 1100 870 1131 A.

118 1161 301 1221 Jusque
322 1160 485 1221 fasque
511 1173 606 1207 est:
637 1178 782 1208 nemo
808 1163 993 1222 alienus
1017 1165 1092 1210 hic
1120 1177 1198 1211 est.

502 1261 525 1294 s
560 1261 582 1293 1
616 1261 647 1293 L
683 1263 712 1294 Ε
749 1263 782 1294 N
819 1263 839 1294 1
874 1263 910 1295 U
945 1263 1001 1295 M.

1225 1317 1396 1362 Merito

125 1382 296 1434 vostro
323 1402 432 1433 amo
454 1402 537 1432 vos
554 1421 567 1443 ,
587 1387 701 1446 quia
724 1402 804 1432 me
832 1387 980 1432 colitis
997 1398 1044 1432 et
1067 1387 1387 1451 magnifacitis.

637 1483 887 1516 LENA.

126 1552 279 1600 Decet
303 1554 414 1615 pol,
436 1568 542 1597 mea
571 1550 801 1597 Silenium
816 1586 829 1607 ,
854 1553 983 1597 hunc
1009 1569 1100 1597 esse
1128 1554 1344 1600 ordinem
1361 1590 1377 1612 ‚

126 1624 467 1673 Benevolentes
493 1626 614 1671 inter
638 1640 710 1681 se,
737 1624 961 1685 beneque
983 1626 1185 1672 amicitia
1207 1628 1359 1672 utier:

126 1696 222 1744 Ubi
246 1697 347 1743 istas
374 1698 530 1743 videas
559 1713 748 1742 summo
777 1714 946 1760 genere
975 1709 1102 1744 natas
1121 1733 1135 1754 ‚

127 1767 391 1815 Summates
414 1781 646 1831 matronas
661 1803 675 1825 ‚
695 1782 751 1814 ut
772 1770 1024 1815 amicitiam
1049 1773 1216 1816 colunt
1233 1807 1247 1828 ‚

127 1841 290 1902 Atque
312 1854 368 1888 ut
394 1859 497 1888 eam
518 1843 735 1905 junctam
757 1843 880 1888 bene
900 1844 1077 1890 habent
1100 1845 1222 1889 inter
1241 1861 1299 1890 se.

128 1913 179 1960 Si
206 1915 335 1959 idem
361 1915 488 1960 istud
513 1931 599 1959 nos
627 1914 874 1971 faciamus,
904 1916 939 1960 si
965 1916 1096 1961 idem
1122 1916 1393 1973 imitemur,

128 1986 202 2031 Ita
229 1997 390 2031 tamen
414 1987 497 2031 vix
517 1987 722 2032 vivimus
756 2003 869 2032 cum
898 1987 1074 2033 invidia
1099 2005 1296 2033 summa.

128 2057 331 2104 Suaxum
355 2074 506 2119 opum
531 2075 616 2104 nos
644 2059 817 2104 volunt
846 2075 938 2103 esse
967 2059 1244 2122 indigentes.

129 2129 299 2175 Nostra
331 2130 466 2190 copia
493 2131 643 2176 nihilo
670 2127 872 2176 volunt
876 2147 962 2176 nos
988 2143 1199 2192 potesse,

128 2201 312 2264 Suique
344 2203 563 2250 omnium
587 2221 746 2250 rerum
776 2220 862 2249 nos
889 2203 1122 2267 indigere,

131 2276 196 2321 Ut
221 2277 309 2322 sibi
334 2278 476 2323 simus
502 2279 744 2339 supplices.
778 2294 850 2323 eas
878 2278 914 2323 si
939 2278 1071 2323 adeas
1089 2312 1104 2335 ,

131 2348 333 2394 Abitum
360 2365 507 2410 quam
527 2350 710 2396 aditum
735 2350 878 2395 malis.
905 2350 968 2395 ita
991 2361 1151 2396 nostro
1176 2350 1330 2397 ordini

131 2417 285 2464 Palam
303 2420 634 2497 blandiuntm:
663 2423 806 2480 clam,
829 2422 865 2468 si
887 2423 1063 2469 occasio
1085 2439 1286 2483 usquam
1306 2435 1394 2479 est,
