1650 2826
155 211 278 259 v.31
411 190 694 241 ACTUS
742 187 842 238 IV.
898 190 1008 237 Sc.
1062 186 1161 238 IV.
1340 205 1433 254 339

158 308 261 378 Qui
296 306 348 351 in
374 308 589 350 mentem
618 300 751 346 venit
786 299 875 345 tibi
909 299 1029 345 istuc
1064 298 1246 345 facinus
1281 299 1431 347 facere

407 374 741 423 tammalum?

437 466 1150 524 MNESILOCHUS7

159 539 439 590 Bacchidem
475 551 624 600 atque
655 539 787 586 hunc
819 537 1082 600 suspicabar
1118 532 1316 599 propter
1349 538 1436 583 cri-

406 630 547 671 men,
579 614 800 676 Chrysale
816 647 829 670 ‚

159 689 239 735 Me
262 690 385 735 male
413 687 698 734 consuluisse
720 707 729 731 ι
761 686 825 732 ob
850 703 954 732 eam
976 703 1078 733 rem
1102 702 1247 733 omne
1266 702 1437 732 aurum

409 762 550 807 iratus
582 759 770 806 reddidi
1421 754 1429 760 '

157 835 269 881 Meo
290 834 424 896 pani.

499 921 527 952 c
563 919 598 952 Η
633 921 665 953 R
700 921 735 953 Y
771 921 793 954 s
831 920 866 952 A
900 919 930 951 1.
967 919 1003 952 U
1040 918 1079 965 s,

350 988 487 1060 Quid
502 1023 516 1046 ,
538 988 624 1034 ubi
645 987 872 1034 reddebas
892 1002 1063 1034 aurum
1076 1021 1090 1043 ‚
1109 985 1267 1032 dixisti
1283 987 1436 1048 patxi?

446 1081 1159 1116 MNESILOCHUS.

159 1148 221 1193 Id
248 1165 418 1194 aurum
446 1148 669 1208 accepisse
699 1150 942 1210 extemplo
971 1149 1032 1195 ab
1060 1149 1245 1210 hospite
1271 1148 1439 1195 Archi-

418 1219 623 1265 demide.

504 1312 1079 1345 CHRYSALUS.

530 1415 540 1429 Ι
1279 1375 1408 1420 Hem
1427 1373 1438 1417 !

163 1446 288 1490 Istoc
306 1444 435 1490 dicto
455 1444 623 1489 dedisti
641 1443 785 1489 hodie
802 1444 851 1490 in
866 1445 1125 1491 cruciatum
1144 1445 1442 1507 Chrysalum:

164 1517 288 1562 Nam
313 1517 398 1562 ubi
419 1533 497 1561 me
529 1516 716 1576 aspiciet
735 1551 749 1573 ‚
777 1517 837 1562 ad
860 1517 1124 1563 carnificem
1146 1519 1294 1580 rapiet
1326 1535 1438 1564 con-

422 1599 559 1633 tmuo
594 1602 748 1633 senex.

448 1680 1154 1717 MNESILOCHUS.

167 1743 270 1806 Ego
286 1751 468 1802 patrem
486 1742 687 1788 exoravi.
886 1737 893 1740 ’

361 1879 370 1885 ἡ
517 1835 544 1867 C
579 1832 614 1866 H
648 1835 681 1868 R
716 1834 750 1867 Y
787 1835 808 1868 S
845 1835 879 1868 A
913 1836 943 1869 L
980 1834 1016 1870 U
1053 1838 1090 1871 S.

318 1900 506 1963 Nempe
531 1919 639 1967 ergo
664 1904 754 1949 hoc
779 1915 835 1949 ut
852 1904 1028 1951 'faceret
1044 1941 1057 1962 ,
1078 1904 1441 1967 quodloquor?

439 1996 1149 2031 MNEsrLOCHUS.

168 2057 325 2102 Immo
343 2056 431 2101 tibi
452 2071 513 2101 ne
521 2064 700 2103 'noceat
716 2093 729 2114 ‚
753 2075 850 2104 neu
869 2060 991 2120 quid
1008 2059 1073 2105 ob
1092 2077 1196 2106 eam
1213 2075 1316 2104 rem
1335 2075 1440 2105 suc-

421 2140 603 2174 censeat
621 2164 636 2185 ,

169 2198 331 2260 Atque
356 2217 489 2263 aegre
512 2201 755 2262 inpetravi.
789 2219 919 2249 nunc
943 2203 1036 2249 hoc
1062 2201 1151 2248 tibi
1176 2201 1439 2248 curandum

427 2285 494 2318 est
511 2308 524 2330 ,
556 2274 787 2336 Chrysale.

524 2376 549 2406 C
587 2376 619 2408 H
656 2378 688 2410 R
724 2377 757 2409 Y
794 2377 816 2411 S
852 2377 887 2410 A
922 2376 953 2409 I.
989 2376 1023 2409 U
1058 2375 1098 2410 8.

175 2450 309 2518 Quid
333 2453 400 2499 vis
429 2454 627 2501 curem?

1129 2517 1219 2567 Ya
