1650 2826
0 0 187 142 Γ

81 228 85 231 ,
149 197 307 247 ’νζρ45
439 181 729 233 ACTth
784 183 821 230 Ι.
872 183 973 231 SC.
1026 185 1062 231 Ι.
1338 202 1397 248 31

115 294 223 364 Qui
241 309 354 341 cum
370 290 729 374 ‘Amphitruone
756 290 868 338 hinc
894 307 992 338 una
1016 292 1161 339 ieram
1193 293 1244 339 in
1268 293 1402 340 exer-

342 375 504 413 citum.

394 469 412 488 .
465 430 1046 490 Μ”Ειιουιιιυε

118 535 212 582 Hic
229 534 379 588 homo
395 549 531 582 sanus
546 550 647 580 non
666 544 745 578 est.

601 642 895 676 soslA.

0 738 6 759 r
374 720 525 792 Quod
540 721 659 766 mihi
675 721 908 782 praedicas
924 720 1125 778 vitium,
1145 720 1197 767 id
1212 722 1300 769 tibi
1318 733 1399 769 est.

99 795 279 899 Quid,
264 794 511 911 ‚malumS!
538 809 641 897 ῐιοῐὲ
668 810 773 840 sum
802 809 890 857 ego
909 810 1062 841 servos
1088 792 1400 857 Amphitruo-

378 882 449 912 ms
513 881 628 911 osia.

117 949 294 996 Nonne
337 949 424 994 hac
460 957 610 993 noctu
651 956 808 992 nostra
851 946 981 992 navis
1019 946 1117 993 huc
1160 962 1221 992 ex
1255 957 1402 1009 portu

372 1020 554 1066 Persico

37 1147 40 1151 Α
118 1101 293 1160 Venit,
320 1119 442 1163 quae
470 1118 549 1147 me
570 1098 801 1147 advexit?
834 1113 999 1144 nonne
1024 1111 1105 1142 me
1135 1096 1231 1142 huc
1263 1096 1403 1143 herus

382 1175 510 1220 misit
542 1173 714 1219 meus?

83 1247 87 1254 ⁸
121 1256 296 1303 Nonne
328 1273 415 1321 ego
443 1272 575 1302 nunc
599 1266 671 1301 sto
703 1263 812 1299 ante
835 1248 960 1296 aedis
977 1248 1187 1295 nostras?
1212 1264 1314 1295 non
1334 1248 1403 1293 mi

108 1357 127 1380 ο
347 1340 414 1374 est
441 1329 618 1375 laterna
647 1328 699 1372 in
729 1322 914 1371 manu?

99 1406 235 1453 >Non
263 1407 472 1468 loquor?
494 1423 596 1454 non
622 1406 766 1470 vigilo
782 1405 805 1450 ?
835 1419 938 1450 non
968 1402 1046 1449 hic
1073 1402 1224 1448 homo
1251 1401 1404 1448 modo

378 1496 458 1525 me
493 1480 665 1543 pugnis
698 1477 956 1525 contudit?

127 1559 256 1606 Fecit
279 1560 460 1605 hercle:
494 1574 608 1603 nam
634 1556 775 1602 etiam
798 1555 968 1599 misero
994 1568 1126 1598 nunc
1149 1554 1298 1599 malae
1315 1553 1404 1600 do⁴

375 1632 490 1676 lent.

128 1703 264 1774 Quid
292 1704 434 1774 igitur
453 1719 542 1767 ego
562 1701 734 1748 dubito
753 1701 775 1747 ?
804 1710 888 1747 aut
906 1716 989 1746 cur
1008 1714 1109 1745 non
1139 1699 1325 1745 inttoeo
1351 1700 1405 1746 in

378 1787 585 1822 nostram
619 1775 820 1820 domum
838 1774 861 1820 ?

475 1874 519 1908 Μ
552 1874 583 1907 Ε
618 1873 654 1907 R
687 1873 715 1906 C
751 1873 786 1905 U
822 1873 856 1906 R
890 1871 912 1905 1
947 1873 982 1906 U
1019 1872 1057 1906 S.

130 1948 265 2018 Quid
281 1984 297 2007 ‚
316 1949 518 1996 domum
541 1948 778 1995 vostram?
856 1990 859 1991 ⁷

622 2054 646 2088 S
683 2055 715 2087 Ο
754 2054 776 2087 S
811 2055 835 2087 1
868 2054 916 2088 A.

555 2126 628 2173 Ita
645 2127 899 2174 enimvero.

477 2235 522 2269 M
555 2236 586 2269 Ε
622 2235 657 2270 R
689 2238 717 2269 c
752 2237 788 2269 U
823 2236 856 2269 R
890 2236 914 2269 1
948 2235 985 2269 U
1018 2235 1058 2270 s.

15 2277 50 2411 ἦ
692 2311 831 2381 Quin
859 2327 1079 2373 quaeque
1098 2310 1218 2358 dixti
1233 2312 1403 2371 modo,

7 2401 56 2456 χε
139 2386 316 2435 Omnia
340 2391 619 2438 ementitu’s.
653 2392 879 2454 equidem
903 2391 1029 2441 Sosia
1049 2392 1406 2456 Amphitruonis

15 2454 48 2520 -ΞῘ
364 2478 503 2509 ‘sum.

26 2529 61 2646 ῐῖ
