1650 2826
246 244 339 289 574
512 230 1269 297 CISTELLARIA.
1423 246 1529 290 v.'8

238 334 455 381 Herilem
489 335 634 381 filiam
670 349 880 385 nostram
909 320 1163 389 sustollere.

241 409 479 457 Extimuit
508 421 616 457 tum
642 411 733 458 illa.

624 502 670 554 M
701 522 732 556 E
767 523 798 556 L
837 525 870 557 A
906 507 935 556 iz
973 526 1005 557 N
1042 524 1063 557 1
1101 524 1138 558 s.

743 591 849 648 Jarn
882 593 1040 637 horret
1071 608 1268 654 corpus,
1297 611 1378 640 cor
1405 596 1519 642 salit.

238 660 362 706 Nam
399 661 519 706 mihi
555 661 614 707 ab
649 662 976 724 hippodromo
1007 666 1208 711 memini
1241 666 1389 713 afferri
1416 685 1524 730 par-

493 735 652 780 volam

200 811 216 817 ’
238 805 482 862 Puellam,
518 822 722 867 eamque
755 825 834 853 me
865 809 984 854 mihi
1015 826 1297 872 supponere.

513 895 1249 947 PHAN'osTRATA.

238 985 341 1049 Age
369 1002 541 1048 perge,
578 1002 783 1046 quaeso:
819 988 1003 1033 animus
1032 988 1195 1035 audire
1225 991 1432 1051 expetit,

237 1058 301 1104 Ut
326 1075 394 1104 res
422 1071 547 1123 gesta
574 1060 644 1105 sit.

615 1163 659 1195 M
695 1164 724 1201 Ε
762 1163 791 1196 L
829 1165 863 1196 A
900 1165 928 1198 E
964 1166 999 1198 N
1034 1166 1054 1198 1
1091 1165 1128 1200 s.

657 1231 854 1278 Utinam
887 1234 1048 1280 audire
1078 1251 1181 1282 non
1214 1235 1382 1296 queas!

515 1332 1232 1368 LAMPADISCUS.

236 1412 387 1474 Pergo
411 1410 540 1455 illam
566 1409 636 1454 his
663 1410 846 1470 alloqui
869 1410 1027 1456 dictis:
1060 1411 1200 1455 Illaec
1226 1426 1272 1455 se
1297 1425 1414 1456 anus

234 1482 430 1528 Furtivo
463 1485 696 1538 matrem,
725 1498 771 1527 se
802 1499 864 1527 ne
900 1483 1105 1541 deseras,
1138 1494 1290 1529 vocat.

236 1556 360 1600 Nam
384 1554 517 1600 illaec
546 1555 634 1600 tibi
653 1556 818 1601 nutrix
840 1566 906 1601 est
922 1592 934 1613 ,
956 1573 1017 1603 ne
1035 1567 1234 1603 matrem
1257 1572 1450 1603 censeas·

237 1627 340 1691 Ego
375 1638 424 1671 te
455 1626 634 1672 reduco
663 1638 710 1672 et
738 1644 860 1674 voco
893 1629 953 1674 ad
984 1630 1195 1687 divitias,
1219 1630 1306 1676 ubi

234 1700 314 1744 Tu
347 1700 502 1744 locere
532 1699 583 1744 in
613 1700 908 1746 luculentam
939 1700 1190 1747 familiam:

236 1769 375 1815 Unde
410 1770 498 1816 tibi
532 1772 708 1818 talenta
741 1791 910 1838 magna
943 1775 1113 1839 viginti
1145 1786 1278 1837 pater
1349 1794 1358 1800 ·
1389 1791 1392 1793 ·

237 1841 335 1887 Det
364 1841 499 1887 dotis.
536 1858 636 1887 non
662 1843 791 1888 enirn
818 1844 894 1890 hic
911 1880 924 1902 ,
951 1846 1036 1891 ubi
1064 1863 1124 1892 ex
1147 1848 1308 1893 Tusco
1334 1845 1485 1893 modo

232 1915 362 1960 Tute
394 1914 483 1959 tibi
513 1915 708 1980 indigne
740 1917 906 1964 dotem
935 1936 1126 1980 quaeras
1156 1938 1366 1983 corpore.

503 2017 1243 2054 PHANOSTRATA.
1542 2071 1550 2080 Ι

234 2083 309 2128 An
325 2118 338 2140 ,
358 2084 545 2140 amabo,
564 2086 787 2131 meretrix
803 2087 879 2133 illa
900 2100 992 2146 est,
1012 2087 1134 2150 quae
1150 2089 1280 2135 illam
1297 2089 1511 2136 sustulit?

511 2187 1236 2227 LAMPADISCU&

235 2257 391 2304 Immo
417 2261 640 2306 meretrix
662 2262 778 2313 fuit3
805 2264 886 2309 sed
909 2276 963 2310 ut
981 2266 1064 2323 sit,
1088 2266 1147 2312 de
1165 2284 1217 2313 ea
1234 2284 1283 2314 re
1301 2269 1506 2328 eloquar.

231 2331 338 2388 Jam
367 2334 687 2392 perducebam
714 2336 840 2382 illam
875 2338 936 2383 ad
961 2356 1040 2384 me
1065 2340 1248 2386 suadela
1278 2356 1408 2385 mea:

237 2405 368 2450 Anus
397 2406 439 2450 ei
463 2410 678 2468 amplexa
697 2422 763 2455 est
782 2427 934 2474 genua
951 2447 965 2469 ,
984 2413 1195 2475 plorans,
1217 2412 1483 2472 obsecrans,

239 2477 313 2523 Ne
344 2479 519 2525 deserat
545 2498 616 2526 se:
651 2498 755 2528 eam
779 2501 910 2531 suam
935 2501 1027 2530 esse
1055 2485 1224 2543 filiam,
