1650 2826
278 185 371 246 536
541 185 543 187 ’
715 185 1115 234 CASINA.
1445 200 1552 246 v.7

700 303 1136 341 STALINO.

280 375 419 423 Tace.

688 468 719 502 o
756 469 787 502 1,
824 470 858 503 Y
895 470 938 503 M
972 471 1000 504 P
1039 472 1061 504 1
1097 471 1143 504 o.

368 529 481 575 Non
509 538 656 576 taceo.

699 624 721 658 S
758 625 789 658 T
824 626 860 659 A
896 628 926 660 L
962 628 983 660 1
1018 628 1052 662 N
1088 629 1135 662 O·

607 695 875 765 Quaeres?

682 796 1143 830 OLYMPIO.

811 875 935 921 Mala
962 874 1111 919 malae
1135 874 1256 919 male
1278 888 1553 923 monstrant.

281 947 424 993 Perii!
456 948 564 993 istae
595 947 766 993 facient
790 948 911 993 hanc
936 963 1037 992 rem
1070 946 1189 992 mihi
1216 964 1274 993 ex
1301 961 1456 1009 parata
1482 951 1557 995 in-

529 1030 750 1080 paratam.

283 1090 342 1135 Id
361 1101 622 1151 quaerunt:
647 1091 821 1137 volunt
837 1124 850 1146 ,
871 1089 984 1134 haec
1001 1099 1057 1134 ut.
1074 1089 1245 1136 infecta
1258 1090 1442 1137 faciant.

699 1183 734 1216 A
770 1183 802 1216 N
834 1182 860 1215 C
897 1183 916 1214 I
953 1181 982 1214 L
1019 1181 1049 1213 L
1087 1182 1137 1214 A.

1183 1239 1284 1305 Age
1308 1243 1554 1306 Olympio.

280 1315 493 1386 Quando
514 1316 582 1363 vis
597 1349 610 1373 ,
630 1330 831 1361 uxorem
857 1315 1014 1375 accipe
1031 1314 1153 1360 hanc
1171 1332 1196 1360 a
1213 1315 1363 1361 nobis.

694 1416 725 1448 o
764 1416 794 1449 Ι,
829 1416 862 1448 Y
900 1415 941 1448 M
977 1414 1004 1447 P
1043 1415 1064 1447 1
1101 1415 1147 1448 o.

1058 1485 1183 1532 Date
1204 1502 1340 1551 ergo,
1366 1485 1554 1532 daturae

280 1556 331 1606 Si
347 1573 582 1619 umquam
603 1557 706 1603 estis
722 1555 867 1602 hodie
888 1575 1103 1606 uxorem.

694 1653 1136 1690 STALI'NO.

877 1726 1187 1775 Abiteintro.

690 1822 1137 1875 ANCILLA.

950 1895 1165 1957 Amabo,
1185 1882 1391 1965 integrae
1408 1911 1551 1962 atque

277 1962 510 2024 Inperitae
528 1966 640 2013 huic
657 1967 901 2029 inpercito.

686 2063 1143 2101 OLYMPIO.

912 2138 1151 2187 Futurum
1176 2141 1243 2188 'st.
1269 2144 1432 2190 valete.

702 2236 1138 2272 STALINO.

1434 2298 1521 2344 Ite.

696 2379 731 2414 A
767 2380 801 2414 N
835 2380 863 2414 C
899 2383 920 2415 1
955 2384 986 2416 L
1023 2384 1053 2417 L
1089 2382 1138 2416 A.

269 2433 376 2491 Jam
404 2437 567 2483 valete.
