1650 2826
110 192 289 236 v.15-
369 171 658 222 AcTus
705 170 806 219 1v.
870 168 971 218 sc.
1019 172 1096 218 11.
1287 189 1379 234 445

110 284 185 330 Ne
211 285 316 345 quis
335 284 386 329 in
406 284 492 329 hac
511 283 664 344 platea
684 279 848 344 negoti
874 278 1082 326 conferat
1111 279 1381 341 quidquam

359 370 444 402 sm.
798 392 805 402 .

110 427 234 473 Nam
259 443 392 473 meus
424 437 491 472 est
512 424 691 471 ballista
717 439 908 487 pugnus
922 457 938 481 ,
963 422 1152 470 cubitus
1177 427 1384 487 catapul-

358 508 406 542 ta
423 498 478 542 ’st
502 496 621 542 mihi
635 529 651 552 ‚

109 571 349 617 Humerus
379 571 503 616 aries.
537 582 643 616 tum
675 584 803 633 genu
831 569 892 615 ad
924 585 1171 631 quemque
1189 571 1348 634 jecero
1367 606 1384 629 ,

361 644 423 689 ad
455 656 624 688 terram
654 642 793 687 dabo.

117 717 393 783 Dentilegos
417 717 573 763 omnis
595 715 804 762 mortalis
828 715 1019 773 faciam,
1043 732 1291 778 quemque
1312 718 1385 765 of·-

354 790 566 836 fendero.

583 884 619 917 Η
652 884 683 917 Ε
720 883 753 917 G
787 885 809 918 1
846 883 895 917 Ο.

109 953 248 1024 Quae
266 953 400 998 illaec
418 952 643 999 eminatio
654 953 739 998 ’sti’
758 968 870 998 nam
887 967 1080 1013 nequeo
1097 951 1252 997 mirari
1264 952 1383 997 satis.

462 1048 492 1080 Ε
528 1049 560 1081 R
595 1047 628 1080 G
663 1046 699 1079 A
734 1047 757 1080 s
793 1047 814 1079 1
850 1047 881 1080 Ι.
916 1047 951 1080 U
988 1046 1027 1081 s.

104 1114 289 1162 Faciam
305 1126 361 1162 ut
382 1117 479 1180 ejus
505 1116 598 1161 diei
620 1114 813 1176 locique
828 1150 843 1174 ,
861 1117 1056 1178 meique
1074 1133 1258 1179 semper
1274 1133 1376 1162 me·

361 1201 580 1234 minent:

109 1259 215 1328 Qui
244 1259 366 1305 mihi
401 1259 451 1304 in
483 1275 619 1304 cursu
651 1258 907 1314 obstiterit,
938 1258 1047 1305 faxo
1075 1259 1199 1306 vitae
1226 1259 1263 1304 is
1296 1273 1377 1303 ex-

359 1331 543 1391 templo
578 1329 809 1376 obstiterit
832 1347 953 1376 suae.

588 1423 623 1456 Η
657 1425 688 1457 E
726 1424 759 1457 G
794 1424 814 1455 1
850 1424 898 1456 ο.

106 1490 246 1560 Quid
261 1491 340 1538 hic
361 1492 512 1538 homo
532 1503 722 1538 tantum
740 1493 965 1554 incipissit
980 1493 1129 1539 facere
1146 1509 1260 1540 cum
1280 1503 1381 1539 tan-

361 1565 418 1611 tis
447 1566 587 1611 minis
605 1566 627 1609 Ρ

460 1660 492 1693 E
527 1662 561 1694 R
597 1661 628 1694 G
665 1661 699 1694 Δ
735 1661 757 1696 S
793 1663 812 1696 I
846 1662 876 1694 L
912 1661 948 1694 U
984 1660 1022 1694 S.

106 1725 238 1771 Prius
267 1726 402 1773 edico
421 1761 436 1784 ‚
465 1743 528 1772 ne
561 1728 665 1788 quis
695 1739 891 1790 propter
929 1730 1119 1791 culpam
1155 1726 1364 1787 capiatur

356 1815 502 1843 suam.

108 1868 363 1916 Continete
377 1887 461 1916 vos
475 1865 625 1929 domi,
635 1874 888 1933 prohibete
903 1891 930 1919 a
944 1872 1081 1920 vobis
1095 1871 1194 1917 vim
1207 1887 1378 1916 meam.

592 1973 627 2005 Η
662 1974 692 2005 Ε
731 1974 764 2006 G
800 1974 820 2005 1
857 1974 905 2006 ο.

107 2038 228 2084 Mi1a
247 2036 420 2098 edepol
438 2049 571 2093 sunt,
588 2038 641 2082 ni
666 2038 743 2083 hic
770 2039 821 2083 in
838 2049 1055 2084 ventrem
1080 2038 1244 2084 sumsit
1266 2053 1379 2083 cen-

353 2110 610 2155 fidentiam.

104 2183 206 2230 Vae
230 2184 399 2229 misero
434 2182 531 2239 illi,
563 2183 694 2247 cujus
728 2183 837 2229 cibo
872 2183 957 2228 iste
982 2182 1110 2229 factu
1138 2182 1193 2228 ’st
1222 2181 1376 2242 impe-

352 2272 527 2301 noslor.

468 2348 500 2380 Ε
534 2349 568 2381 R
604 2345 638 2378 G
672 2345 707 2378 A
743 2345 765 2378 s
799 2346 822 2379 1
856 2346 903 2380 L-
923 2346 959 2379 U
995 2346 1033 2380 s.

106 2412 236 2461 Tum
251 2418 443 2490 pistofes
459 2417 767 2481 scrophipasci
778 2451 794 2478 ,
812 2417 900 2481 qui
915 2418 1050 2468 alunt
1065 2416 1234 2465 fmfuri
1251 2433 1352 2464 sues
1358 2447 1375 2474 ,
