1650 2826
198 215 286 258 124
511 194 1089 243 «ASINARIA.
1345 213 1463 260 v.73

516 316 1180 351 DEMAENETUS.

193 394 459 458 Argentum
489 393 672 454 accepi,
701 392 814 438 dote
842 392 1097 454 imperium
1118 391 1329 438 vendidi.

195 466 337 512 Nunc
362 464 505 511 verba
535 465 586 511 in
615 482 765 527 pauca
784 465 1022 511 conferam
1036 500 1049 522 ,
1070 466 1191 526 quid
1212 477 1259 513 te
1280 465 1439 515 velim.

195 538 376 603 Viginti
398 539 498 602 jam
528 555 616 584 usu
633 539 687 584 'st
716 539 813 584 filio
843 539 1022 603 argenti
1044 539 1194 585 minis.

194 612 312 659 Face
340 612 392 658 id
420 623 476 659 ut
503 624 721 675 paratum
744 614 846 676 jam
874 613 944 658 sit.

615 718 1050 753 LIBANUS.

1063 799 1477 866 Undegentium?

510 901 1209 945 DEMAENETUS.‚

201 989 282 1036 Me
309 986 570 1034 defrudato.
768 962 787 991 s

262 1076 265 1078 ’
614 1088 644 1122 L
682 1089 702 1123 1
740 1087 768 1120 B
804 1087 838 1120 A
871 1087 905 1120 N
939 1086 975 1119 u
1013 1086 1049 1120 s.

667 1164 913 1209 Maxumas
942 1178 1087 1226 nugas
1121 1163 1224 1226 agis.

205 1235 351 1281 Nudo
376 1234 618 1281 detrahere
643 1235 924 1281 vestimenta
950 1250 1029 1279 me
1046 1234 1197 1298 jubes.

203 1308 469 1355 Defrudem
487 1320 534 1353 te
560 1309 679 1372 ego?
704 1324 786 1371 age
805 1307 859 1351 sis
873 1341 886 1363 ‚
906 1317 961 1351 tu
991 1306 1089 1352 sine
1111 1306 1278 1368 pennis
1300 1307 1419 1353 vola,

204 1380 340 1426 Tene
360 1397 448 1444 ego
468 1379 718 1426 defrudem
734 1415 746 1436 ‚
773 1379 891 1439 quoi
909 1378 995 1439 ipsi
1012 1377 1133 1423 nihil
1152 1389 1219 1423 est
1236 1379 1286 1424 in
1306 1378 1485 1425 manu?

205 1454 304 1500 Nisi
324 1453 445 1514 quid
470 1464 525 1499 tu
553 1469 695 1515 porro
722 1468 924 1498 uxorem
951 1450 1278 1498 defrudaveris.

514 1568 1181 1603 DEM‘AENETUS.

212 1649 324 1717 Qua
352 1664 431 1694 me
450 1682 462 1704 ,
493 1663 588 1708 qua
611 1662 811 1692 uxorem
826 1680 839 1702 ‚
860 1661 955 1706 qua
972 1655 1028 1690 tu
1045 1660 1229 1690 servom
1246 1642 1468 1690 Sauream

211 1721 348 1766 Potes
365 1755 377 1775 ‚
404 1718 706 1764 circumduce
726 1753 739 1775 ,
767 1717 921 1764 aufer:
953 1717 1183 1777 promitto
1210 1716 1299 1762 tibi

212 1792 324 1838 Non
358 1790 652 1846 offuturum,
683 1790 719 1835 si
752 1789 803 1834 id
829 1788 973 1834 hodie
1005 1787 1218 1833 effeceris.

610 1903 1053 1938 LIBANUS.

208 1982 380 2041 Jubeas
411 1997 507 2028 una
538 1998 679 2044 opera
702 1999 780 2027 me
810 1982 972 2043 piscari
998 1981 1049 2026 in
1076 1988 1204 2038 aere,

215 2054 389 2101 Venari
410 2065 571 2101 autem
594 2066 691 2100 rete
712 2055 872 2119 jaculo
899 2054 950 2100 in
977 2053 1138 2103 medio
1163 2054 1290 2100 mari.

524 2157 1190 2193 DEMAENETUS.

218 2238 330 2283 Tibi
362 2240 611 2299 optionem
637 2239 811 2285 sumit-o
841 2237 1118 2284 Leonidam.

219 2310 458 2359 Fabricare
491 2310 707 2371 quidvis,
743 2310 930 2372 quidvis
964 2305 1310 2355 conminiscere.

219 2383 464 2439 perficito,
493 2395 742 2446 argentum
772 2383 916 2429 hodie
944 2393 998 2428 ut
1027 2380 1194 2429 habeat
1221 2375 1366 2451 filiu5‚

220 2455 411 2502 Amicae
441 2455 577 2515 quod
600 2455 692 2500 det.
