1650 2826
0 238 59 284 1.‘
111 242 242 304 ,ψ
400 212 687 268 ACTUS
736 208 1083 260 1v.sc.1-.
1296 210 1389 269 133

114 334 161 380 Si
196 346 344 394 quem
368 327 515 374 alium
539 320 716 384 aspexit
732 353 746 376 ‚
771 333 905 364 caeca
933 317 1165 363 continuo
1188 315 1286 361 siet.

110 409 296 454 Tecum
320 416 415 449 una
442 408 602 460 postea
628 408 790 455 aeque*
815 392 990 454 pocula
1011 388 1200 450 potitet.

113 481 211 528 Abs
237 475 321 524 ted
348 471 541 533 accipiat
557 468 678 526 ‚tibi
702 467 950 529 propinet,
971 475 1026 510 tu
1052 461 1196 507 bibas.

111 554 193 603 Ne
207 552 285 601 illa
303 548 487 604 mirum,
506 555 588 591 aut
603 543 712 605 plus
730 558 879 603 quam
902 552 984 597 tu,
1010 537 1168 599 sapiat.

492 646 529 680 D
564 644 585 677 1
620 644 655 676 A
690 643 719 675 Β
755 643 789 677 o
823 643 854 675 L
892 641 927 674 U
963 640 1000 675 s.

1077 689 1192 739 Satis
1215 689 1383 751 placet.

459 784 488 816 P
528 783 561 815 A
598 783 631 816 R
667 781 701 814 A
740 780 761 813 s
798 781 816 812 1
854 780 885 812 Τ
921 779 955 812 U
994 779 1031 813 s.

53 864 55 866 '
113 852 407 916 Suspiciones
442 867 607 897 omnes
640 848 720 895 abs
745 865 791 894 se
818 858 1055 912 segreget,

110 927 282 988 Neque
309 927 439 972 illaec
471 925 556 971 ulli
581 923 705 986 pede
732 922 910 985 pedem
937 921 1125 968 homini
1155 931 1350 982 premat.

112 999 282 1069 Quom
305 1008 488 1062 surgat,
523 1012 683 1057 neque
710 995 760 1040 in
796 996 976 1040 lectum
1007 993 1249 1039 inscendat
1277 1011 1386 1055 pro-

366 1086 572 1116 xumum
589 1102 603 1125 ,

37 1194 39 1198 ,
118 1143 289 1205 Neque
306 1159 460 1204 quom
477 1140 727 1188 descendat
739 1174 755 1198 ,
771 1139 884 1186 inde
902 1139 984 1185 det
1008 1140 1276 1200 quoiquam
1294 1157 1390 1185 ma-

370 1231 520 1260 num:

117 1285 442 1349 Spectandum
473 1302 535 1332 ne
564 1286 835 1347 quoiquam
859 1286 1061 1333 anulum
1091 1285 1174 1330 det
1188 1319 1203 1342 ‚
1228 1300 1392 1346 neque

367 1369 513 1422 toget.

119 1431 261 1476 Talos
285 1445 348 1475 ne
371 1429 638 1490 quoiquam
663 1428 852 1476 homini
881 1427 1159 1486 admoveat,
1177 1430 1265 1476 nisi
1287 1431 1388 1478 tibi.

120 1505 292 1574 Quom
311 1503 451 1566 jaciat
467 1537 480 1559 ,
512 1503 585 1548 Te
604 1537 618 1559 ‚
648 1518 710 1548 ne
739 1502 886 1548 dicat:
919 1517 1100 1548 nomen
1126 1505 1358 1551 nominet.

120 1575 276 1622 Deam
303 1574 493 1621 invocet
515 1573 602 1621 sibi
617 1607 632 1630 ,
659 1590 809 1634 quam
830 1573 1018 1621 lubebit
1034 1608 1049 1632 ,
1074 1576 1329 1637 propitiam
1343 1612 1364 1636 ,

118 1647 287 1696 Deum
306 1648 509 1693 nullum.
534 1648 574 1692 si
594 1647 737 1711 magis
766 1647 976 1712 religiosa
1005 1648 1146 1697 fuerit
1162 1684 1177 1706 ‚

119 1718 237 1765 Tibi
258 1717 380 1764 dicat
394 1739 410 1765 :v
430 1730 489 1765 tu
507 1735 595 1780 pro
625 1719 713 1770 illa.
728 1736 854 1777 ores„
884 1732 941 1769 ut
970 1721 1027 1767 sit
1052 1723 1299 1783 propitius·

123 1791 298 1851 Neque
322 1791 403 1837 illa
424 1792 511 1839 ulli
534 1792 720 1838 homini
745 1805 910 1852 nutet,
933 1795 1107 1852 metet,
1127 1808 1337 1851 annuam

123 1862 260 1920 Post,
291 1863 326 1908 si
346 1865 534 1911 lucerna
568 1865 798 1913 exstincta*
815 1877 883 1912 est
897 1901 911 1923 ‚
935 1883 998 1913 ne
1028 1868 1150 1929 quid
1174 1870 1250 1915 sui

124 1935 333 1986 Membri
349 1950 633 1990 conmoveat
650 1940 919 2002 quidquam
934 1942 986 1990 in
1003 1944 1222 1994 tenebris.

507 2041 544 2072 D
578 2039 600 2071 1
635 2039 670 2072 A
703 2041 737 2072 13-
767 2040 807 2072 o
836 2041 867 2073 1.
905 2040 937 2073 U
974 2041 1013 2075 s.

1016 2101 1298 2163 Optumum
1314 2104 1369 2151 ’St
1384 2125 1405 2151 ’.Γ

128 2168 205 2217 lta
220 2170 394 2216 scilicet
423 2170 679 2221 facturam:
710 2187 878 2218 vetum
902 2171 960 2221 in,
981 2173 1211 2221 cubiculo*

125 2239 280 2289 Deme
307 2242 454 2288 istuc:
484 2243 710 2304 equidem
735 2243 865 2291 illam
894 2246 1077 2297 moveri
1104 2248 1266 2311 gestio.

125 2310 261 2360 Nolo.
282 2314 453 2361 habete
486 2316 614 2361 illam
647 2331 878 2376 caussam,
902 2329 949 2364 et
972 2318 1175 2368 votitam
1196 2321 1366 2370 dicere.

480 2409 509 2442 P
546 2409 581 2442 A.
615 2410 648 2443 R
682 2410 718 2443 A
753 2409 775 2444 s
809 2411 836 2446 1
868 2411 900 2446 Τ
935 2411 971 2446 U
1006 2411 1047 2448 8,

132 2469 265 2530 Scio,
293 2476 530 2539 captiones
555 2478 748 2525 metuis*

1109 2547 1163 2592 M
1180 2565 1213 2609 ιιι
