1650 2826
232 185 328 232 374
557 172 1186 224 BACCHIDES.
1395 196 1516 249 v.29

577 291 1161 333 ‚NICOBULUS

237 355 375 425 Quid
399 356 674 403 dubitamus
692 358 876 417 pultaire
890 392 903 414 ,
923 369 1068 418 atque
1086 360 1182 405 huc
1208 375 1402 407 evocare
1418 377 1517 407 am-

489 429 575 476 bos
609 428 763 474 foras?

549 530 1190 566 PHILOXENUS.

238 602 592 650 Haudmoror.

557 703 1130 739 NICOBULUS.

289 786 293 790 ’
371 771 503 831 Heus
523 772 711 819 Bacchis
725 808 738 830 ‚
751 774 872 836 jube
890 774 943 819 sis
961 786 1178 820 actutum
1197 775 1360 836 aperiri
1378 775 1485 822 foris
1498 812 1511 834 ‚

239 843 339 892 Nisi
360 849 578 895 mavoltis
601 848 709 895 foris
732 860 779 895 et
795 850 939 911 postis
957 850 1205 896 conminui
1223 851 1471 897 securibus.

592 954 976 1034 SCENA
1049 988 1148 1034 II.

312 1115 838 1173 ''BACCHIDESQ
909 1119 1422 1158 NICOBULUS,

530 1199 1237 1239 PHILOXENUS.

610 1314 1023 1350 BAccnrs
1091 1298 1190 1351 1.“

241 1387 400 1551 Qu
414 1465 434 1497 1
449 1464 470 1498 s
499 1452 659 1498 sonitu
687 1469 739 1498 ac
768 1453 986 1500 tumultu
1010 1463 1144 1500 tanto
1163 1486 1178 1510 2
1202 1453 1402 1500 nomine
1431 1471 1523 1500 no-

498 1535 650 1571 minat

238 1597 347 1656 Me,
384 1608 530 1660 atque
561 1600 720 1661 pultat
750 1600 909 1646 aedis?

595 1699 630 1732 N
665 1700 686 1732 1
723 1687 750 1732 'c
788 1701 819 1733 o
857 1700 885 1731 B
922 1698 958 1731 U
992 1697 1023 1730 1.
1059 1699 1094 1731 U
1131 1698 1167 1731 S.

850 1768 952 1831 Ego
977 1779 1122 1829 atque
1148 1768 1238 1814 hic.

622 1868 651 1901 B
687 1868 722 1902 A
756 1869 783 1902 c
819 1870 846 1902 c
882 1869 918 1902 H
953 1870 974 1902 1
1011 1869 1033 1903 s
1104 1870 1140 1902 1.

1113 1959 1117 1967 ¹
1178 1936 1315 2006 Quid
1335 1937 1430 1983 hoc
1453 1945 1518 1981 est

240 2018 453 2082 Negoti?
476 2034 587 2065 nam
601 2053 614 2075 ,
632 2018 828 2075 amabo,
850 2019 956 2080 quis
979 2019 1059 2065 has
1082 2019 1179 2065 huc
1207 2019 1304 2066 ovis
1328 2013 1515 2082 adegit?

604 2118 639 2150 Ν
677 2118 698 2151 1
736 2118 762 2149 c
802 2117 833 2149 o
873 2117 901 2149 Β
938 2117 974 2150 U
1009 2118 1041 2151 L
1075 2117 1111 2150 U
1148 2117 1187 2150 s.

240 2189 357 2236 Ovis
377 2206 462 2237 nos
482 2201 656 2238 vocant
677 2206 934 2252 pessumae.

577 2283 676 2315 13—A
710 2282 736 2314 c
775 2284 802 2314 c
838 2283 873 2315 Η
907 2283 927 2315 1
966 2281 988 2314 s
1055 2280 1131 2313 11.

967 2351 1125 2395 Pastor
1154 2347 1320 2392 harum

241 2419 463 2486 Dormit,
486 2435 639 2482 quom
655 2422 743 2468 hae
768 2431 886 2468 eunt
903 2421 965 2467 sic
985 2437 1011 2466 a
1027 2435 1150 2481 pecu
1167 2418 1425 2480 palitantes.
