1650 2826
218 205 308 266 184
583 207 1122 259 ASINARIA'.
1367 220 1494 278 v.46

600 327 1110 364 DIABOLUS.

761 405 958 453 Verum.

571 505 1146 542 PARASITUS.

1078 578 1202 644 Ergo
1216 614 1229 637 ‚
1254 590 1310 627 ut
1329 580 1471 645 jubes
1482 616 1496 640 ,

211 644 417 692 Tollam.

599 730 634 762 D
668 730 690 762 1
724 731 759 764 A
795 730 823 763 B
860 732 893 765 O
928 731 959 764 L
995 732 1032 765 U
1065 734 1105 768 S.

443 798 670 868 Quidni?

563 892 593 925 P
627 891 662 924 A
698 892 730 924 R
769 890 801 923 A
839 890 860 924 S
898 892 918 924 I
956 893 988 926 T
1025 893 1060 926 U
1097 890 1161 928 S(

673 958 803 1005 Audi
832 961 1028 1021 reliqua.

600 1060 1109 1096 DIABOLUS.

1055 1141 1279 1203 Loquere
1298 1178 1313 1202 ,
1339 1145 1501 1193 audio.

571 1236 603 1272 P
640 1238 674 1272 A
709 1239 742 1272 R
778 1239 812 1273 A
849 1238 871 1273 s
908 1240 928 1273 1
965 1239 996 1273 T
1033 1240 1068 1272 U
1105 1241 1143 1275 s.

218 1317 392 1378 Neque
420 1317 578 1362 ullum
603 1316 807 1362 verbum
842 1315 976 1362 faciat
1005 1319 1355 1379 perplexabile,

218 1393 394 1453 Neque
430 1392 526 1437 ulla
556 1391 717 1455 lingua
749 1391 859 1437 sciat
886 1391 1021 1452 loqui
1053 1392 1138 1437 nisi
1166 1391 1334 1440 Attica.

140 1463 145 1468 ’
218 1466 362 1512 Forte
389 1465 424 1510 si
449 1465 610 1511 tussire
639 1466 844 1526 occepsit
861 1500 874 1523 ,
904 1482 966 1512 ne
989 1466 1051 1511 sic
1083 1465 1242 1512 tussiat
1260 1501 1273 1524 ‚

220 1538 288 1585 Ut
311 1538 577 1599 quoiquam
606 1538 818 1601 linguam
845 1538 894 1583 in
920 1539 1161 1585 tussiendo
1189 1539 1407 1602 proferat.

220 1611 376 1680 Quod
402 1611 479 1656 illa
498 1622 658 1656 autem
673 1611 885 1667 simulet,
903 1612 1034 1671 quasi
1053 1612 1255 1676 gravedo
1269 1613 1476 1674 profluat
1488 1648 1505 1672 2

221 1683 334 1730 Hoc
364 1699 427 1728 ne
449 1683 512 1728 sic
542 1682 678 1729 faciat
703 1703 712 1728 :
746 1695 800 1730 tu
829 1683 1058 1730 labellum
1088 1685 1342 1750 abstergeas

221 1756 386 1802 Potius
404 1790 417 1812 ,
452 1772 599 1815 quam
625 1757 893 1816 quoiquam
922 1757 1104 1802 savium
1136 1756 1272 1803 faciat
1301 1759 1474 1819 palam..

218 1828 323 1876 Nec
359 1839 509 1874 mater
531 1830 636 1874 lena
648 1829 725 1893 sad
757 1829 926 1875 vinum
957 1828 1145 1875 accedat
1169 1830 1359 1876 interim
1378 1865 1394 1889 ,

223 1901 325 1948 Nec
351 1900 440 1946 ulli
471 1901 619 1947 verbo
656 1902 780 1947 male
815 1901 951 1947 dicat.
988 1901 1023 1946 si
1047 1901 1251 1960 dixerit,

222 1973 355 2021 Haec
382 1974 536 2019 multa
561 1974 604 2019 ei
627 1984 754 2032 esto,
781 1974 898 2020 vino
922 1973 1091 2038 viginti
1117 1974 1217 2021 dies

222 2047 289 2094 Ut
315 2057 478 2094 careat.

605 2134 642 2166 D
677 2134 697 2167 1
734 2132 769 2166 A
804 2134 832 2167 Β
869 2134 901 2168 o
941 2134 972 2167 Ι,
1008 2134 1045 2166 U
1080 2135 1133 2168 sa

517 2210 686 2257 Pulcre
716 2210 924 2257 scribsti:
957 2210 1129 2257 scitum
1157 2211 1505 2276 syngraphum!

578 2317 1152 2354 PARASITUS.

225 2391 359 2440 Tum
390 2392 426 2436 si
456 2407 647 2439 coronas
666 2426 681 2449 ,
710 2403 852 2448 serta,
887 2399 1134 2455 unguenta
1158 2387 1344 2452 jusserit

227 2465 462 2514 Ancillam
497 2463 614 2510 ferre
648 2481 781 2510 suam
812 2463 987 2511 Veneri
1015 2472 1098 2508 aut
1135 2459 1390 2522 Cupidini,
