1650 2826
235 151 324 198 282
569 146 1231 196 ARGUMENTUM.

231 257 485 303 sideratione
517 255 730 302 horribilis
752 259 843 302 irae
870 257 1039 304 divinae
1054 294 1068 306 ,
1092 261 1166 321 qui
1185 268 1437 304 contemtum
1462 270 1507 305 et

230 331 532 391 neglectionem
550 331 747 376 veritatis
773 341 862 375 tam
885 332 1088 375 atrociter
1115 331 1232 376 ultus
1245 329 1370 394 fuit⁴
1394 342 1442 376 ut
1460 333 1505 376 in

231 414 372 467 pantos
403 419 586 450 errores,
621 413 661 446 et
692 402 800 447 talia
821 414 1002 466 peccata
1029 402 1211 448 homines
1238 402 1375 448 delabi
1398 404 1509 448 sine-

227 468 322 520 ret.-
354 476 397 519 in
416 491 594 537 quorum
621 491 756 520 mores
787 474 889 520 haec
922 486 1047 521 tanta
1072 486 1114 520 et
1138 487 1226 520 tam
1239 474 1377 539 foeda
1396 477 1506 522 vitia

228 546 503 593 invaderent
529 546 676 609 quibus
714 545 879 609 quidem
910 548 1104 593 civitates
1135 558 1176 590 et
1207 547 1383 610 imperia
1409 558 1508 591 tan-⁴

233 618 326 663 dem
363 619 631 662 interierunt.
685 616 1036 680 Argumentum
1069 617 1258 663 Fabulae
1298 619 1383 663 tale
1429 630 1505 663 est.

229 690 391 734 Absens
418 691 463 733 in
492 679 682 753 Epheso,
711 705 788 751 quo
822 690 972 733 missus
992 687 1153 752 fuerat
1178 707 1204 734 a
1222 702 1352 753 patre
1381 690 1507 735 Mne-

227 762 430 810 siloclzus
445 764 558 825 petit
578 780 604 807 a
622 762 759 807 sodali
775 761 1022 809 Pistoclero,
1039 761 1380 811 ucBacclzidem,
1400 765 1506 808 ami-

228 854 321 881 cam
345 854 466 881 suam
481 872 496 884 ,
517 837 714 900 reperiat.
746 835 855 882 Eam
878 837 993 900 apud
1011 853 1191 882 sororem
1210 837 1282 882 ille
1306 848 1347 882 et
1368 838 1502 901 ipsam

227 912 391 955 nomine
426 910 684 954 Bacchidem
712 909 837 972 forte
869 912 1058 959 invenit,
1097 923 1139 956 ec
1183 911 1309 977 hujus
1347 912 1502 955 sororis

225 999 366 1027 amore
384 983 641 1046 implicatur.
676 982 803 1026 Redit
823 999 919 1027 mox
939 999 992 1027 ex
1009 982 1170 1057 Epheso
1191 981 1502 1028 Mnesilochus,

224 1064 267 1099 ec
294 1070 441 1098 errans
472 1054 520 1098 de
546 1054 802 1098 sermonibus
823 1053 932 1116 Lydi
946 1044 1220 1115 paedagogi,
1249 1055 1292 1099 in
1314 1055 1381 1098 ira
1406 1069 1503 1097 con.-

222 1126 367 1170 silium
388 1125 437 1170 de
456 1143 559 1170 auro
580 1125 822 1172 retinendo,
841 1125 952 1187 quod
967 1142 1112 1172 servus
1140 1124 1367 1187 Chrysalus
1390 1141 1503 1168 com-

221 1210 387 1244 mentus
401 1198 575 1261 fuerat,
608 1214 725 1242 omne
744 1197 984 1260 perturbat.
1013 1196 1197 1244 Postea,
1228 1213 1274 1241 re
1297 1198 1494 1256 cognita,

223 1283 321 1316 orat
345 1287 535 1317 servum,
569 1281 618 1314 ut
650 1286 803 1314 aurum
831 1285 913 1332 per
934 1268 1153 1332 fallacias
1184 1268 1392 1314 retrahat.
1447 1269 1503 1314 Id

222 1345 294 1389 ille
321 1343 600 1390 audacissime
620 1343 807 1406 perficit.
843 1341 919 1386 sed
947 1341 1116 1387 tandem
1135 1340 1302 1405 fraude
1321 1339 1502 1404 patefa-

223 1428 320 1463 cta,
340 1417 456 1461 saevi
479 1428 520 1460 et
536 1416 722 1460 minaces
746 1430 865 1459 senes
886 1414 1105 1459 blanditiis
1122 1414 1390 1459 meretricum
1404 1414 1501 1476 pel-

223 1490 430 1534 liciuntur
463 1489 632 1537 eodem,
661 1487 732 1533 ubi
750 1488 878 1550 filios
902 1490 1073 1551 perire,
1106 1488 1338 1550 aegerrime
1365 1486 1498 1549 paulo

223 1576 322 1612 ante
354 1564 520 1611 tuleran
527 1575 556 1608 t.

460 1716 1253 1734 ——ffl-—

493 1809 1221 1861 SUPPOSITA.

219 1904 670 2015 ARGUMENTUM
697 1963 1004 2027 praecedenS,
1031 1962 1288 2026 Prologus,
1316 1971 1363 2007 et
1387 1959 1491 2007 Sce-

218 2057 305 2086 nae
330 2039 552 2101 principis
575 2038 767 2084 initium
785 2071 798 2093 ‚
822 2047 889 2082 est
913 2051 974 2081 ex
991 2034 1199 2085 editione
1222 2033 1491 2093 Coloniensi

225 2111 654 2172 Gisberti-Longolii,
680 2108 988 2172 Ultrajectini.
1019 2107 1056 2152 F
1057 2107 1275 2152 abulatur
1289 2107 1491 2152 Lascaris

221 2181 562 2237 ‚Grammaticus
594 2183 675 2228 ille
701 2182 929 2238 Graecus,
959 2181 1010 2226 in
1041 2179 1236 2240 epistola
1255 2177 1319 2236 vad
1349 2177 1488 2224 Bem-

219 2250 338 2295 bum
353 2286 366 2308 ‚
397 2270 443 2298 se
476 2255 710 2301 Messanae
738 2254 789 2300 in
813 2253 966 2300 Sicilia
990 2254 1074 2298 ista
1094 2249 1332 2297 invenisse.
1365 2250 1488 2297 Sunt

219 2325 359 2369 etiam
373 2360 385 2381 ‚
410 2327 496 2385 qui
518 2345 543 2371 a
568 2328 612 2373 F
607 2331 797 2374 rancisco
814 2323 1062 2373 Petrarclza·
1074 2322 1272 2370 conficta
1288 2323 1488 2384 opinen-

219 2409 307 2443 tur.
338 2398 493 2445 Etiam
523 2400 574 2445 in
598 2401 834 2448 Basiliensi
855 2400 1061 2446 editione
1082 2398 1320 2460 leguntur.
