1650 2826
224 186 312 232 ‘23²
415 188 422 193 ·
543 168 1217 221 AULULARIA.'
1382 196 1489 242 Ve3

221 278 385 340 Atque
426 278 587 325 omnia
601 312 615 336 ‚
652 278 772 325 dum
807 279 973 326 absum
1005 282 1117 329 hinc
1134 317 1149 341 ‚
1185 295 1389 332 exossata
1423 287 1496 334 fac

479 355 610 400 sient.

223 427 326 491 Ego
350 426 463 472 hinc
490 437 725 489 artoptam
755 442 814 474 ex
840 444 1080 489 proxumo
1108 429 1338 477 utendam
1364 443 1482 495 peto

226 502 270 547 A
294 502 576 566 Congrione.
604 513 660 548 tu
684 502 830 548 'istum
853 503 1052 566 gallum,
1081 504 1117 547 si
1142 503 1257 564 sapis
1274 538 1287 560 ,

228 572 525 620 Glabriorem
538 573 704 619 reddes
720 572 865 630 mihi,
887 589 1032 633 quam
1049 575 1204 637 volsus
1218 573 1356 619 Iudiu
1371 575 1439 619 ’sn

230 645 324 691 Sed
353 648 471 707 quid
494 649 586 693 hoc
609 647 817 694 clamoris
846 648 992 694 oritur
1014 647 1124 693 hinc
1148 664 1207 693 ex
1227 664 1465 709 proxumo
1479 649 1505 697 ‘t'

232 717 393 777 Coqui
420 719 606 776 hercle,
631 719 771 765 credo
789 754 802 776 ‚
829 718 1006 765 faciunt
1035 721 1242 766 officium
1275 738 1428 766 suum.

232 789 430 854 Fugiam
454 791 579 837 intro
594 825 608 850 ,
632 808 695 838 ne
718 791 838 853 quid
862 791 938 839 hic
963 788 1138 839 turbae
1152 792 1232 841 fiat
1254 792 1435 840 itidem.

535 961 968 1023 ACTUS
1045 964 1274 1025 111.·

527 1059 1093 1161 ‘SCENA'L

628 1263 1179 1299 CONGRIQJ

243 1348 387 1462 ΟΡ
400 1426 431 1459 Τ
442 1425 476 1459 A
488 1426 518 1459 Τ
531 1426 552 1458 1
583 1412 703 1458 cives
719 1445 733 1468 ‚
759 1412 1009 1472 populares
1025 1444 1039 1468 ‚
1063 1411 1270 1467 incolae,
1301 1411 1515 1456 accolae
1498 1443 1514 1468 ,

493 1485 701 1532 advenae
729 1500 892 1530 omnes
909 1518 923 1542 ‚

242 1539 366 1617 Date
400 1567 553 1624 viam,
578 1584 675 1629 qua
700 1566 861 1631 fugere
890 1566 1058 1622 liceat,
1079 1563 1246 1622 facite,
1265 1573 1395 1609 totae
1415 1563 1516 1624 pla-

501 1650 603 1685 teae
629 1649 832 1700 pateant.

244 1723 418 1784 Neque
439 1738 526 1785 ego
545 1736 780 1780 umquam
792 1753 808 1775 ,
825 1718 912 1763 nisi
927 1716 1072 1763 hodie
1086 1751 1099 1772 ‚
1118 1714 1180 1761 ad
1194 1714 1393 1760 Bacchas
1407 1714 1517 1760 veni

498 1795 549 1838 in
581 1793 837 1839 Bacchanal
863 1791 1177 1852 coquinatum
1192 1823 1207 1845 ‚

247 1877 319 1926 Ita
340 1890 419 1921 me
442 1874 666 1919 miserum
692 1883 739 1918 et
759 1889 890 1918 meos
913 1871 1167 1932 discipulos
1183 1865 1518 1931 fus-tibusngale

499 1944 835 1991 contuderunt.

249 2028 404 2075 Totus
426 2025 568 2073 doleo
585 2060 599 2084 ,
618 2036 764 2089 atque
783 2023 964 2087 oppido
989 2023 1134 2090 perii,
1152 2023 1216 2068 ita
1237 2037 1316 2068 me
1337 2021 1420 2068 iste
1436 2018 1518 2062 ha«

502 2102 610 2148 buit
638 2089 781 2147 senex
809 2090 1121 2164 gymnasium.

250 2185 424 2246 Neque
452 2185 578 2249 ligna
602 2201 690 2248 ego
720 2200 923 2250 usquam
948 2182 1163 2248 gentium
1192 2177 1401 2242 praeberi
1422 2174 1522 2224 vidi

508 2257 751 2318 pulchrius
771 2277 781 2302 ε

254 2335 425 2396 Itaque
452 2336 605 2381 omnis
630 2337 784 2401 exegit
810 2336 928 2384 foras
942 2369 956 2395 ,
984 2353 1063 2384 me
1088 2346 1233 2399 atque
1262 2332 1377 2388 hos,
1398 2344 1523 2379 onu«

505 2418 596 2455 stos
623 2408 835 2459 fustibus.
