1650 2826
269 169 362 217 412
610 145 1223 195 CAPTEIVEI.
1388 159 1553 194 v.101

758 271 1076 306 HEGIO.

271 341 462 388 Mittam
485 339 715 402 equidem
732 331 894 387 'istunc
925 350 1243 387 aestumatum
1269 349 1354 386 tua
1369 337 1464 385 fide
1484 371 1498 396 ‚
1526 339 1562 383 si

519 414 600 461 vis.
1266 414 1269 415 ’

643 498 675 532 Τ
711 500 746 532 Y
780 498 814 533 N
849 499 884 532 D
920 497 956 531 A
991 499 1024 532 R
1060 497 1096 530 U
1133 497 1172 531 s.

1419 547 1559 594 Volo.

265 627 431 697 Quam
449 624 665 672 citissime
681 634 840 686 potest
853 657 866 681 ,
883 634 983 669 tam
999 623 1093 668 hoc
1110 620 1276 667 cedere
1295 619 1356 666 ad
1373 619 1555 667 factum

521 697 650 743 volo.

759 773 794 806 H
830 773 859 806 E
898 773 930 805 G
967 773 987 805 1
1026 772 1072 805 ο.

264 847 399 893 Num
422 862 546 908 quae
565 861 719 892 caussa
732 845 786 890 ’st
799 878 812 900 ‚
833 843 954 911 quin
970 843 1006 888 si
1026 843 1104 889 ille
1122 842 1219 889 huc
1236 856 1339 888 non
1357 838 1517 887 redeat
1534 872 1548 899 ,

521 917 691 981 viginti
719 915 870 960 minas

265 991 386 1037 Mihi
416 989 496 1035 des
524 1005 613 1051 pro
644 989 727 1033 illo
746 988 786 1032 ?'

642 1072 673 1105 Τ
711 1073 746 1105 Y
781 1073 815 1105 N
850 1073 886 1104 D
925 1071 958 1104 A
994 1072 1027 1104 R
1062 1070 1099 1104 U
1135 1071 1175 1105 s.

585 1139 805 1200 Optuma
835 1139 1003 1183 immo.

751 1231 786 1265 Η
820 1231 850 1264 Ε
890 1230 924 1263 G
958 1230 978 1262 1
1016 1230 1065 1263 ο.

899 1297 1078 1344 Solvite
1104 1297 1249 1344 istum
1272 1311 1405 1344 nunc
1427 1295 1521 1360 jam
1538 1328 1555 1353 ,

263 1367 426 1429 Atque
447 1376 730 1426 utrumque.

639 1453 671 1485 T
707 1452 742 1484 Y
779 1451 812 1483 N
848 1451 883 1484 D
919 1450 954 1483 A
989 1451 1024 1484 R
1060 1449 1095 1483 U
1131 1448 1170 1483 s.

567 1521 650 1567 Dii
667 1520 755 1566 tibi
778 1535 942 1565 omnes
958 1518 1119 1565 omnia
1141 1527 1304 1580 optata
1321 1515 1513 1562 afferant
1532 1548 1547 1572 ‚

265 1595 436 1665 Quom
460 1610 540 1640 me
570 1604 705 1640 tanto
731 1593 916 1639 honore
945 1593 1188 1648 honestas,
1217 1604 1471 1651 quomque
1489 1603 1548 1633 ex

514 1666 680 1712 vinclis
711 1665 889 1712 eximis.

260 1741 370 1787 Hoc
400 1740 599 1803 quidem
624 1740 756 1786 haud
784 1741 1046 1786 molestum
1062 1739 1116 1785 'st
1140 1738 1242 1803 jam
1259 1773 1273 1796 ,
1293 1735 1431 1799 quod
1451 1735 1547 1782 col·
1591 1768 1594 1773 -

519 1816 592 1861 lus
622 1815 808 1861 collaria
842 1825 994 1860 caret.·

748 1910 1059 1944 HEGIO.

260 1980 414 2053 Quod
430 1980 568 2027 bonis
588 1980 770 2027 benefit
794 1980 1108 2036 beneficium,
1129 1977 1275 2043 gratia
1290 1994 1343 2023 ea
1361 1972 1546 2042 gravida

514 2055 568 2100 ’st
592 2054 744 2100 bonis.

260 2127 404 2173 Nunc
422 2138 477 2174 tu
498 2128 638 2174 illum
662 2128 697 2173 si
729 2128 812 2174 illo
841 2144 886 2173 es
915 2127 1138 2173 missurus
1154 2159 1168 2182 ,
1187 2123 1312 2180 dice,
1344 2120 1547 2167 demon-

514 2210 604 2245 stra
619 2234 632 2256 ,
661 2199 879 2262 praecipe
897 2233 911 2255 ,

265 2270 404 2340 Quae
417 2271 477 2318 ad
489 2284 673 2334 patrem
684 2272 752 2318 vis
765 2271 986 2318 nuntiari.
1000 2269 1096 2316 vin’
1108 2282 1277 2315 vocem
1286 2265 1382 2311 huc
1397 2262 1457 2308 ad
1471 2261 1544 2308 te?

638 2359 1165 2400 TYNDARUS.

1363 2408 1510 2457 Vocat⁴
