1650 2826
0 2231 10 2317 [Ι

7 2313 16 2325 7

14 2330 21 2342 f

15 2406 21 2418 1

118 169 206 203 v.1
375 148 669 197 ACTUS
725 147 805 194 11.
860 147 965 196 SC.
1024 150 1101 194 II.
1300 165 1390 212 479

469 286 854 335 SCENA
928 287 1025 333 II.

222 386 1295 472 'MURRAINA,GLEOSTRATA

482 564 1022 599 MURRHINA.

124 629 466 754 SEQUIMINI
499 692 693 738 comites
718 692 769 736 in
798 706 1094 752 proxumum
1119 707 1198 737 me
1229 693 1337 738 huc.

123 755 255 811 Heus⁴
274 781 370 830 vos.v
401 764 559 825 ecquis
577 765 719 821 haec,
745 780 867 824 quae
897 766 1091 826 loquar,
1115 762 1281 812 audit?
1305 781 1394 830 ego

370 835 448 881 hic
477 852 556 882 ero
573 870 588 893 ,

120 908 207 971 ,Vir
224 909 285 966 si,
304 919 386 954 aut
405 908 638 970 quispiam
659 918 866 968 quaeret.
893 923 1006 954 nam
1036 908 1123 955 ubi
1148 909 1282 958 domi
1298 911 1394 957 sola

369 1001 476 1030 sum
495 1018 509 1041 ,

123 1055 274 1117 Sopor
302 1071 469 1102 manus
495 1056 704 1103 calvitur.
729 1056 888 1120 jussin’
917 1057 1081 1103 colum

121 1127 246 1174 Ferri
265 1127 422 1175 mihi?

432 1219 459 1250 c
495 1219 525 1250 L
559 1217 590 1249 Ε
626 1217 658 1250 0
698 1217 720 1250 s
758 1217 790 1249 Τ
825 1219 860 1252 R
894 1220 930 1251 A
964 1220 996 1253 Τ
1029 1220 1081 1256 A.

425 1285 670 1330 Murrhina
685 1318 699 1341 ,
721 1285 856 1330 salve.

473 1375 527 1411 ’Μ
563 1379 598 1412 U
633 1380 667 1413 R
701 1380 736 1413 R
776 1381 811 1413 H
845 1381 866 1412 1
901 1382 935 1415 N
971 1383 1019 1416 Α.

199 1497 202 1501 Α
232 1500 234 1503 v
888 1447 1025 1495 Salve

123 1525 364 1572 Mecastor.
396 1524 478 1571 sed
509 1526 630 1587 quid
659 1537 716 1573 tu
749 1543 794 1573 es
822 1527 985 1586 tristis,
1015 1532 1221 1580 amabo?

408 1626 1074 1663 VCLEOSTRATA.

125 1695 197 1739 Ita
223 1694 376 1739 solent
409 1710 571 1739 ornnes
599 1711 721 1755 quae
746 1706 857 1740 sunt
879 1697 1001 1742 male
1028 1709 1230 1758 nuptae:

125 1766 275 1814 Domi
298 1777 345 1811 et
366 1765 473 1811 foris
493 1783 625 1830 aegre
649 1768 785 1828 quod
801 1768 890 1827 sit,
915 1770 1017 1848 satis
1042 1787 1224 1832 semper
1247 1782 1326 1818 est.

125 1839 248 1883 Nam
271 1854 358 1901 ego
387 1838 514 1884 ibam
540 1839 600 1884 ad
625 1851 687 1886 te.

495 1938 1022 1975 MURRHINA.

510 2006 572 2050 Et
587 2008 671 2066 pol
692 2023 777 2069 ego
796 2008 913 2053 istuc
931 2010 990 2053 ad
1006 2021 1066 2055 te.
1092 2011 1173 2056 sed
1190 2012 1309 2072 quid
1327 2025 1393 2060 est

131 2077 282 2148 Quod
306 2088 392 2124 tuo
408 2092 539 2124 nunc
557 2077 715 2123 animo
733 2095 865 2142 aegre
889 2081 987 2125 est?
1014 2098 1126 2131 nam
1149 2086 1284 2145 quod
1305 2087 1392 2134 tibi

376 2161 443 2196 est

129 2222 307 2303 Aegre
329 2223 458 2271 idern
479 2225 597 2270 mihi
627 2235 693 2270 est
719 2225 930 2273 dividiae.

431 2319 457 2351 C
493 2319 523 2350 L
558 2318 588 2350 E
625 2319 656 2351 O
694 2318 716 2351 S
751 2319 782 2351 T
815 2320 850 2352 R
884 2319 919 2367 A
954 2320 985 2353 Τ
1018 2320 1069 2354 Α.

978 2388 1130 2436 Credo
1156 2402 1327 2437 ecastor
1344 2411 1353 2436 :
