1650 2826
220 227 343 274 494¹
648 209 1045 258 CASINA.
1371 232 1568 281 vnn),

218 321 340 390 Quis
369 318 490 365 mihi
516 317 765 365 subveniet
793 330 950 385 tergo,
975 332 1056 367 aut
1084 322 1251 383 capiti,
1284 335 1367 370 aut
1392 341 1498 373 cru-

473 391 600 439 ribus
617 392 638 438 P

643 477 665 511 s
702 478 734 511 Τ
770 477 804 510 Α
839 478 870 512 L
906 478 927 511 1
962 479 997 511 N
1035 480 1085 513 o.

219 546 465 609 Opinione
493 546 661 601 melius
688 562 757 590 res
789 545 877 590 tibi
906 547 1076 594 habeat
1101 559 1211 606 tua,

218 620 269 667 Si
291 621 383 666 hoc
402 620 693 681 inpetramus
710 653 723 676 ,
749 628 804 663 ut
826 634 914 681 ego
933 635 1046 666 cum
1070 620 1232 668 Casina
1261 622 1447 670 cubem.

625 714 657 746 o
694 714 724 746 L
761 713 794 746 Y
833 712 875 744 M
912 714 941 747 Ρ
977 715 1000 747 1
1036 716 1084 748 o.

216 787 355 844 Non,
377 786 559 842 hercle,
585 784 758 846 opinor
781 799 940 844 posse,
969 783 1035 830 ita
1062 800 1185 831 uxor
1210 784 1372 832 acriter
1415 847 1417 850 .

218 859 327 905 Tua
355 859 523 914 instat,
547 873 608 902 ne
638 855 757 901 mihi
791 854 944 900 detur.

642 948 665 981 s
704 948 735 980 Τ
770 947 805 980 Α
839 947 869 980 L
905 947 927 979 1
964 948 998 980 N
1036 948 1082 980 o.

967 1012 1032 1059 At
1057 1031 1142 1078 ego
1169 1015 1231 1062 sic
1255 1033 1418 1081 agam:

221 1091 483 1154 Conjiciam
517 1088 646 1134 sortis
678 1087 728 1132 in
751 1087 947 1132 sitellam
963 1121 977 1143 ‚
1009 1098 1058 1132 et
1082 1089 1242 1134 sortiar

215 1163 329 1210 Tibi
357 1172 404 1207 et
435 1160 650 1206 Chalino.
686 1159 750 1204 ita
778 1175 879 1203 rem
906 1169 1064 1204 natam
1087 1159 1327 1227 intellego.

215 1235 471 1282 Necessum
495 1241 562 1277 est
586 1231 729 1278 vorsis
757 1230 918 1294 gladiis
945 1230 1267 1295 depugnarier.

638 1324 670 1356 ο
704 1323 735 1356 L
770 1323 805 1356 Y
840 1324 884 1357 M
919 1323 947 1356 P.
985 1323 1005 1354 1
1042 1323 1090 1356 o.

219 1389 360 1460 Quid
390 1389 427 1434 si
455 1403 548 1434 sors
583 1386 715 1431 aliter
732 1420 746 1443 ‚
779 1402 927 1447 quam
955 1386 1084 1431 voles
1101 1419 1116 1443 ,
1144 1375 1411 1435 eveneiit?'
1475 1378 1481 1381 .

634 1478 656 1511 s
696 1477 727 1510 T
762 1477 797 1510 A
831 1477 861 1510 L
898 1478 921 1510 1
956 1479 990 1511 N
1028 1478 1075 1510 o.

215 1549 463 1598 Benedice.
500 1546 601 1592 Diis
628 1538 734 1592 suin
759 1544 895 1592 fretu’
911 1581 925 1604 ‚
948 1545 1077 1592 Deos
1096 1534 1394 1608 speiabimus.

567 1637 575 1646 ·
633 1641 665 1673 o
702 1640 731 1672 L
766 1640 803 1673 Y
838 1640 881 1672 M
915 1640 943 1672 P
979 1641 1001 1673 1
1038 1640 1085 1673 o.

217 1717 332 1762 Non
355 1731 441 1778 ego
473 1714 591 1759 istuc
622 1713 827 1760 verbum
855 1712 1057 1759 emissim
1085 1699 1344 1761 titiv'illitio.

218 1791 342 1836 Nam
372 1805 536 1834 omnes
564 1789 783 1833 mortales
801 1787 902 1833 Diis
921 1798 1031 1833 sunt
1049 1786 1155 1834 freti
1174 1807 1184 1833 :
1209 1789 1291 1834 sed
1312 1800 1477 1839 tamen.

216 1864 331 1912 Vidi
357 1880 444 1928 ego
470 1863 570 1909 Diis
597 1862 736 1908 fretos
764 1878 899 1924 saepe
929 1863 1105 1908 multos
1133 1862 1299 1924 decipi.

641 1954 1074 1989 STALINO.

217 2016 541 2078 Taceparum.

632 2094 663 2126 o
700 2094 730 2126 L
766 2094 801 2125 Y
841 2093 882 2126 M
915 2093 944 2126 P
980 2094 1003 2126 1
1040 2092 1090 2126 Ο.

567 2159 833 2229 Quidvis?

636 2254 657 2286 S
697 2254 726 2286 T
762 2255 796 2287 A
831 2255 860 2287 L
894 2254 918 2287 I
955 2256 987 2287 N
1028 2255 1076 2287 O.

884 2316 1062 2361 Eccum
1077 2350 1091 2372 ‚
1125 2316 1219 2361 exit
1245 2315 1362 2362 foras

221 2383 441 2430 Chalinus
473 2386 598 2431 intus
630 2403 742 2433 cum
771 2388 917 2433 sitella
947 2399 994 2433 et
1020 2388 1230 2433 sortibus,
1312 2441 1318 2447 ·

220 2456 363 2503 Nunc
390 2473 476 2502 nos
509 2459 685 2503 collatis
713 2459 848 2522 signis
877 2459 1263 2522 depugnabimuS.
