1650 2826
0 2355 14 2362 s
0 2322 22 2341 .“,
0 1844 25 2300 .·‘v32ss;agruxqw,7ss„3f„„,

128 155 288 228 v.90'
359 148 800 208 ACTUSIV.
852 146 1111 197 SC.'IV.
1309 159 1398 205 345

405 266 1113 313 MNESILOCHUS.

131 342 405 391 Dicmodo.

471 413 1050 455 CHRYSALUS.

265 493 428 554 Atque
444 488 495 535 id
510 487 759 550 pollicetur
775 500 820 529 se
843 482 1067 528 daturum
1083 494 1254 527 aurum
1269 476 1406 545 mihi,

138 566 287 638 Quod
309 564 421 610 dem
443 561 600 607 scortis
616 595 629 616 ‚
652 557 887 619 quodque
903 556 953 600 in
963 552 1121 620 ,lustris
1138 548 1407 605 comedim,

384 645 431 680 et
456 646 786 696 congraecem,
811 638 957 688 pater.

138 708 232 758 Sed
249 743 264 767 ,
282 719 441 771 pater,
469 705 580 752 vide
608 721 669 749 ne
693 701 782 748 tibi
805 700 948 746 hodie
967 697 1108 746 verba
1130 696 1212 742 det
1231 715 1240 740 :
1268 709 1410 756 quae-

387 797 436 826 so
455 815 469 836 ,
499 794 623 824 cave.

409 855 1120 908 MNE31LocnUs.

138 945 359 1006 Loquere
384 958 540 1004 porso.

482 1035 509 1067 C
545 1033 579 1065 H
614 1034 647 1065 R
683 1032 715 1064 Y
753 1030 775 1063 S
812 1028 847 1063 A
882 1029 912 1062 Ι,
947 1027 982 1060 U
1019 1026 1059 1060 S.

331 1102 557 1150 Adscribe
581 1101 714 1146 dum.

418 1187 1125 1227 MNESILOCHUS.

470 1262 625 1322 Etiam
643 1262 840 1320 loquere
853 1293 866 1314 ,
885 1257 1005 1318 quid
1022 1255 1234 1310 scribam,
1250 1252 1413 1322 motio.

483 1362 509 1393 c
547 1361 579 1392 Η
615 1363 648 1393 R
667 1324 716 1392 'Y
754 1359 776 1391 s
813 1359 846 1390 A
882 1358 911 1390 L
950 1358 984 1389 U
1023 1357 1060 1389 s.

151 1432 244 1480 Sed
259 1467 271 1490 ,
291 1443 450 1494 pater,
476 1429 612 1490 quod
636 1428 888 1490 promisisti
912 1426 1061 1482 mihi,
1086 1436 1135 1470 te
1161 1439 1333 1484 quaeso
1362 1433 1420 1468 ut

402 1518 670 1548 memmens
686 1535 700 1557 ‚

150 1577 224 1623 Ne
254 1577 392 1621 illum
425 1574 639 1619 verberes
658 1607 671 1629 ,
697 1563 866 1618 verimi
891 1570 1022 1633 apud
1046 1581 1095 1616 te
1113 1568 1331 1615 vinctum
1356 1580 1420 1609 as·-

403 1658 581 1691 servato
612 1644 758 1690 domi.

152 1719 284 1765 Cedo
310 1730 365 1764 tu
389 1734 540 1763 ceram
567 1733 620 1762 ac
648 1716 804 1761 linum
833 1719 1063 1760 ac'tutum.
1095 1728 1208 1777 age,
1234 1709 1420 1774 obliga,

405 1791 597 1854 obsigna
628 1790 736 1834 cito.

443 1881 1147 1916 MNESILOCHUS.

158 1953 365 1999 Obsecro
381 1951 545 2023 {qnid
568 1951 657 1996 istis
686 1950 746 1995 ad
774 1950 926 2017 istuqc
953 1966 1041 1995 usu
1064 1949 1119 1992 'st
1138 1943 1417 1992 ‘conscribtis

357 2052 360 2055 -
407 2022 612 2068 modum
629 2022 651 2066 Ξ)

158 2094 223 2142 Ut
241 2096 328 2141 tibi
357 2111 419 2140 ne
451 2095 571 2154 quid
600 2094 781 2150 credat,
809 2105 954 2153 atque
970 2103 1026 2138 ut
1046 2092 1262 2139 vinctum
1285 2099 1334 2135 te
1362 2105 1427 2135 as-

409 2179 557 2212 servet
584 2166 753 2211 domi?

513 2259 1086 2294 CHRYSALUS.

162 2330 290 2399 Quia
323 2330 442 2377 mihi
474 2331 536 2375 ita
568 2330 716 2375 lubet.
757 2331 906 2390 potin‘
932 2343 989 2377 ut
1019 2347 1148 2378 cures
1176 2342 1254 2388 te,
1284 2341 1427 2392 atque

358 2469 370 2477 „
413 2419 476 2448 ne
502 2418 658 2463 parcas
685 2402 840 2448 mihi?
