<?xml version="1.0" encoding="UTF-8"?>
<!DOCTYPE html PUBLIC "-//W3C//DTD XHTML 1.0 Transitional//EN"
    "http://www.w3.org/TR/xhtml1/DTD/xhtml1-transitional.dtd">
<html xmlns="http://www.w3.org/1999/xhtml" xml:lang="en" lang="en">
 <head>
  <title>
</title>
<meta http-equiv="Content-Type" content="text/html;charset=utf-8" />
  <meta name='ocr-system' content='tesseract 3.04.00' />
  <meta name='ocr-capabilities' content='ocr_page ocr_carea ocr_par ocr_line ocrx_word'/>
</head>
<body>
  <div class='ocr_page' id='page_1' title='image "./comoediaesuperst01plauuoft_0631.png"; bbox 0 0 1650 2826; ppageno 0'>
   <div class='ocr_carea' id='block_1_1' title="bbox 131 179 1395 248">
    <p class='ocr_par' dir='ltr' id='par_1_1' title="bbox 131 179 1395 248">
     <span class='ocr_line' id='line_1_1' title="bbox 131 179 1395 248; baseline -0.002 -18"><span class='ocrx_word' id='word_1_1' title='bbox 131 205 263 248; x_wconf 73' lang='lat' dir='ltr'>v-54</span> <span class='ocrx_word' id='word_1_2' title='bbox 383 181 825 234; x_wconf 79' lang='lat' dir='ltr'><strong>ACTthn.</strong></span> <span class='ocrx_word' id='word_1_3' title='bbox 873 179 973 228; x_wconf 90' lang='lat' dir='ltr'>sc.</span> <span class='ocrx_word' id='word_1_4' title='bbox 1025 179 1146 227; x_wconf 89' lang='lat'>111.</span> <span class='ocrx_word' id='word_1_5' title='bbox 1302 190 1395 238; x_wconf 71' lang='lat'>57⁷</span> 
     </span>
    </p>
   </div>
   <div class='ocr_carea' id='block_1_2' title="bbox 503 301 1017 339">
    <p class='ocr_par' dir='ltr' id='par_1_2' title="bbox 503 301 1017 339">
     <span class='ocr_line' id='line_1_2' title="bbox 503 301 1017 339; baseline -0.01 0"><span class='ocrx_word' id='word_1_6' title='bbox 503 301 1017 339; x_wconf 79' lang='lat' dir='ltr'>MELAENIS.</span> 
     </span>
    </p>
   </div>
   <div class='ocr_carea' id='block_1_3' title="bbox 129 367 1128 488">
    <p class='ocr_par' dir='ltr' id='par_1_3' title="bbox 129 367 1128 488">
     <span class='ocr_line' id='line_1_3' title="bbox 129 367 218 418; baseline -0.011 0"><span class='ocrx_word' id='word_1_7' title='bbox 129 367 218 418; x_wconf 85' lang='lat' dir='ltr'>Te.</span> 
     </span>
     <span class='ocr_line' id='line_1_4' title="bbox 419 452 1128 488; baseline -0.003 0"><span class='ocrx_word' id='word_1_8' title='bbox 419 452 1128 488; x_wconf 76' lang='lat' dir='ltr'>LAMPADISCUS.</span> 
     </span>
    </p>
   </div>
   <div class='ocr_carea' id='block_1_4' title="bbox 137 522 1400 1231">
    <p class='ocr_par' dir='ltr' id='par_1_4' title="bbox 137 522 1400 1231">
     <span class='ocr_line' id='line_1_5' title="bbox 200 522 1400 595; baseline -0.003 -24"><span class='ocrx_word' id='word_1_9' title='bbox 200 523 336 595; x_wconf 75' lang='lat' dir='ltr'><strong>Quid</strong></span> <span class='ocrx_word' id='word_1_10' title='bbox 361 524 523 589; x_wconf 85' lang='lat' dir='ltr'>negoti</span> <span class='ocrx_word' id='word_1_11' title='bbox 533 524 618 570; x_wconf 74' lang='lat' dir='ltr'>&#39;sti’</span> <span class='ocrx_word' id='word_1_12' title='bbox 637 540 747 570; x_wconf 87' lang='lat' dir='ltr'>nam</span> <span class='ocrx_word' id='word_1_13' title='bbox 767 533 1023 585; x_wconf 86' lang='lat' dir='ltr'>occupatus</span> <span class='ocrx_word' id='word_1_14' title='bbox 1048 539 1154 569; x_wconf 89' lang='lat' dir='ltr'>sum</span> <span class='ocrx_word' id='word_1_15' title='bbox 1171 522 1400 584; x_wconf 85' lang='lat' dir='ltr'><strong>ampliter.</strong></span> 
     </span>
     <span class='ocr_line' id='line_1_6' title="bbox 509 619 1023 655; baseline -0.004 0"><span class='ocrx_word' id='word_1_16' title='bbox 509 623 551 655; x_wconf 89' lang='lat' dir='ltr'><strong>M</strong></span> <span class='ocrx_word' id='word_1_17' title='bbox 586 622 617 654; x_wconf 80' lang='grc' dir='ltr'>Ε</span> <span class='ocrx_word' id='word_1_18' title='bbox 652 623 682 655; x_wconf 89' lang='lat'>1.</span> <span class='ocrx_word' id='word_1_19' title='bbox 719 622 753 654; x_wconf 83' lang='lat' dir='ltr'>A</span> <span class='ocrx_word' id='word_1_20' title='bbox 788 621 819 654; x_wconf 79' lang='lat' dir='ltr'>E</span> <span class='ocrx_word' id='word_1_21' title='bbox 855 622 887 654; x_wconf 77' lang='lat' dir='ltr'>N</span> <span class='ocrx_word' id='word_1_22' title='bbox 923 621 944 653; x_wconf 90' lang='lat'>1</span> <span class='ocrx_word' id='word_1_23' title='bbox 985 619 1023 653; x_wconf 89' lang='lat' dir='ltr'>s.</span> 
     </span>
     <span class='ocr_line' id='line_1_7' title="bbox 137 692 634 763; baseline -0.004 -23"><span class='ocrx_word' id='word_1_24' title='bbox 137 693 260 763; x_wconf 76' lang='lat' dir='ltr'>Quis</span> <span class='ocrx_word' id='word_1_25' title='bbox 290 693 390 739; x_wconf 87' lang='lat' dir='ltr'>istic</span> <span class='ocrx_word' id='word_1_26' title='bbox 418 692 598 738; x_wconf 84' lang='lat' dir='ltr'>habitat</span> <span class='ocrx_word' id='word_1_27' title='bbox 611 692 634 738; x_wconf 70' lang='grc' dir='ltr'>Ρ</span> 
     </span>
     <span class='ocr_line' id='line_1_8' title="bbox 406 782 1131 821; baseline -0.007 0"><span class='ocrx_word' id='word_1_28' title='bbox 406 782 1131 821; x_wconf 80' lang='lat' dir='ltr'>LAMPADISCUS.</span> 
     </span>
     <span class='ocr_line' id='line_1_9' title="bbox 681 848 1348 921; baseline -0.003 -15"><span class='ocrx_word' id='word_1_29' title='bbox 681 858 926 921; x_wconf 88' lang='lat' dir='ltr'>Demipho</span> <span class='ocrx_word' id='word_1_30' title='bbox 954 858 1180 905; x_wconf 82' lang='lat' dir='ltr'><strong>dominus</strong></span> <span class='ocrx_word' id='word_1_31' title='bbox 1201 848 1348 905; x_wconf 61' lang='lat' dir='ltr'>meus.</span> 
     </span>
     <span class='ocr_line' id='line_1_10' title="bbox 514 956 1029 993; baseline -0.004 0"><span class='ocrx_word' id='word_1_32' title='bbox 514 956 558 993; x_wconf 83' lang='grc' dir='ltr'>’Μ</span> <span class='ocrx_word' id='word_1_33' title='bbox 592 959 623 992; x_wconf 77' lang='grc' dir='ltr'><strong>Ε</strong></span> <span class='ocrx_word' id='word_1_34' title='bbox 658 960 687 992; x_wconf 85' lang='grc' dir='ltr'>Ι,</span> <span class='ocrx_word' id='word_1_35' title='bbox 724 959 759 992; x_wconf 82' lang='grc' dir='ltr'><strong>Α</strong></span> <span class='ocrx_word' id='word_1_36' title='bbox 797 959 829 992; x_wconf 79' lang='lat' dir='ltr'>E</span> <span class='ocrx_word' id='word_1_37' title='bbox 863 961 896 991; x_wconf 84' lang='lat' dir='ltr'>N</span> <span class='ocrx_word' id='word_1_38' title='bbox 929 959 951 991; x_wconf 93' lang='lat'>1</span> <span class='ocrx_word' id='word_1_39' title='bbox 990 959 1029 992; x_wconf 89' lang='lat' dir='ltr'>s.</span> 
     </span>
     <span class='ocr_line' id='line_1_11' title="bbox 138 1011 1215 1090; baseline -0.003 -16"><span class='ocrx_word' id='word_1_40' title='bbox 138 1011 323 1090; x_wconf 76' lang='lat' dir='ltr'>Nempe</span> <span class='ocrx_word' id='word_1_41' title='bbox 349 1025 449 1074; x_wconf 79' lang='lat' dir='ltr'>istic</span> <span class='ocrx_word' id='word_1_42' title='bbox 475 1039 543 1073; x_wconf 85' lang='lat' dir='ltr'>est</span> <span class='ocrx_word' id='word_1_43' title='bbox 558 1063 572 1084; x_wconf 83' lang='lat'>‚</span> <span class='ocrx_word' id='word_1_44' title='bbox 594 1027 680 1088; x_wconf 92' lang='lat' dir='ltr'>qui</span> <span class='ocrx_word' id='word_1_45' title='bbox 702 1025 1045 1072; x_wconf 73' lang='lat' dir='ltr'>Alcesimaxcho</span> <span class='ocrx_word' id='word_1_46' title='bbox 1068 1024 1215 1071; x_wconf 88' lang='lat' dir='ltr'>filiam</span> 
     </span>
     <span class='ocr_line' id='line_1_12' title="bbox 139 1096 1158 1160; baseline -0.005 -14"><span class='ocrx_word' id='word_1_47' title='bbox 139 1099 283 1146; x_wconf 86' lang='lat' dir='ltr'>Suam</span> <span class='ocrx_word' id='word_1_48' title='bbox 313 1099 564 1160; x_wconf 75' lang='lat' dir='ltr'><strong>despondit</strong></span> <span class='ocrx_word' id='word_1_49' title='bbox 591 1099 642 1142; x_wconf 89' lang='lat' dir='ltr'>in</span> <span class='ocrx_word' id='word_1_50' title='bbox 671 1096 851 1142; x_wconf 82' lang='lat' dir='ltr'>divitias</span> <span class='ocrx_word' id='word_1_51' title='bbox 880 1096 1158 1147; x_wconf 75' lang='lat' dir='ltr'>maxumas?</span> 
     </span>
     <span class='ocr_line' id='line_1_13' title="bbox 418 1195 1139 1231; baseline 0 0"><span class='ocrx_word' id='word_1_52' title='bbox 418 1195 1139 1231; x_wconf 77' lang='lat' dir='ltr'>LAMPADISGUS.</span> 
     </span>
    </p>
   </div>
   <div class='ocr_carea' id='block_1_5' title="bbox 142 1264 1031 1385">
    <p class='ocr_par' dir='ltr' id='par_1_5' title="bbox 142 1264 1031 1385">
     <span class='ocr_line' id='line_1_14' title="bbox 142 1264 1024 1328; baseline 0.002 -15"><span class='ocrx_word' id='word_1_53' title='bbox 142 1264 437 1328; x_wconf 76' lang='lat' dir='ltr'>Isipsusest.</span> <span class='ocrx_word' id='word_1_54' title='bbox 1020 1312 1024 1315; x_wconf 88' lang='lat'>.</span> 
     </span>
     <span class='ocr_line' id='line_1_15' title="bbox 520 1345 1031 1385; baseline -0.01 0"><span class='ocrx_word' id='word_1_55' title='bbox 520 1345 1031 1385; x_wconf 76' lang='lat' dir='ltr'>MELAENIS.</span> 
     </span>
    </p>
   </div>
   <div class='ocr_carea' id='block_1_6' title="bbox 142 1423 1308 2032">
    <p class='ocr_par' dir='ltr' id='par_1_6' title="bbox 142 1423 1308 2032">
     <span class='ocr_line' id='line_1_16' title="bbox 465 1423 1308 1489; baseline -0.006 -15"><span class='ocrx_word' id='word_1_56' title='bbox 465 1427 572 1474; x_wconf 86' lang='lat' dir='ltr'>Eho</span> <span class='ocrx_word' id='word_1_57' title='bbox 597 1428 679 1473; x_wconf 89' lang='lat' dir='ltr'>tu!</span> <span class='ocrx_word' id='word_1_58' title='bbox 711 1443 858 1487; x_wconf 85' lang='lat' dir='ltr'>quam</span> <span class='ocrx_word' id='word_1_59' title='bbox 885 1442 970 1472; x_wconf 87' lang='lat' dir='ltr'>vos</span> <span class='ocrx_word' id='word_1_60' title='bbox 994 1424 1137 1489; x_wconf 82' lang='lat' dir='ltr'><strong>igitur</strong></span> <span class='ocrx_word' id='word_1_61' title='bbox 1162 1423 1308 1470; x_wconf 87' lang='lat' dir='ltr'>filiam</span> 
     </span>
     <span class='ocr_line' id='line_1_17' title="bbox 142 1500 840 1563; baseline -0.004 -14"><span class='ocrx_word' id='word_1_62' title='bbox 142 1501 286 1549; x_wconf 87' lang='lat' dir='ltr'><strong>Nunc</strong></span> <span class='ocrx_word' id='word_1_63' title='bbox 317 1501 581 1563; x_wconf 80' lang='lat' dir='ltr'>quaeritatis</span> <span class='ocrx_word' id='word_1_64' title='bbox 612 1502 802 1547; x_wconf 81' lang='lat' dir='ltr'>alteram</span> <span class='ocrx_word' id='word_1_65' title='bbox 817 1500 840 1546; x_wconf 74' lang='grc' dir='ltr'>Ξ&gt;</span> 
     </span>
     <span class='ocr_line' id='line_1_18' title="bbox 422 1593 1138 1630; baseline -0.001 0"><span class='ocrx_word' id='word_1_66' title='bbox 422 1593 1138 1630; x_wconf 84' lang='lat' dir='ltr'>LAMPADISCUS.</span> 
     </span>
     <span class='ocr_line' id='line_1_19' title="bbox 871 1663 1284 1728; baseline -0.002 -18"><span class='ocrx_word' id='word_1_67' title='bbox 871 1665 974 1728; x_wconf 87' lang='lat' dir='ltr'>Ego</span> <span class='ocrx_word' id='word_1_68' title='bbox 997 1665 1151 1710; x_wconf 84' lang='lat' dir='ltr'>dicam</span> <span class='ocrx_word' id='word_1_69' title='bbox 1170 1663 1284 1722; x_wconf 89' lang='lat' dir='ltr'>tibi,</span> 
     </span>
     <span class='ocr_line' id='line_1_20' title="bbox 146 1734 1124 1800; baseline 0.001 -18"><span class='ocrx_word' id='word_1_70' title='bbox 146 1734 259 1784; x_wconf 87' lang='lat' dir='ltr'>Non</span> <span class='ocrx_word' id='word_1_71' title='bbox 291 1752 351 1783; x_wconf 84' lang='lat' dir='ltr'>ex</span> <span class='ocrx_word' id='word_1_72' title='bbox 378 1750 527 1783; x_wconf 83' lang='lat' dir='ltr'>uxore</span> <span class='ocrx_word' id='word_1_73' title='bbox 556 1747 743 1800; x_wconf 86' lang='lat' dir='ltr'>gnatam</span> <span class='ocrx_word' id='word_1_74' title='bbox 777 1737 934 1783; x_wconf 85' lang='lat' dir='ltr'><strong>uxoris</strong></span> <span class='ocrx_word' id='word_1_75' title='bbox 967 1738 1124 1783; x_wconf 88' lang='lat' dir='ltr'>filiam.</span> 
     </span>
     <span class='ocr_line' id='line_1_21' title="bbox 522 1835 1056 1888; baseline 0.004 -21"><span class='ocrx_word' id='word_1_76' title='bbox 522 1837 565 1868; x_wconf 88' lang='lat' dir='ltr'>M</span> <span class='ocrx_word' id='word_1_77' title='bbox 599 1835 630 1867; x_wconf 83' lang='lat' dir='ltr'><strong>E</strong></span> <span class='ocrx_word' id='word_1_78' title='bbox 664 1836 694 1868; x_wconf 85' lang='lat'>1.</span> <span class='ocrx_word' id='word_1_79' title='bbox 730 1836 764 1869; x_wconf 88' lang='lat' dir='ltr'>A</span> <span class='ocrx_word' id='word_1_80' title='bbox 798 1836 830 1869; x_wconf 86' lang='lat' dir='ltr'><strong>E</strong></span> <span class='ocrx_word' id='word_1_81' title='bbox 865 1837 897 1869; x_wconf 82' lang='lat' dir='ltr'>N</span> <span class='ocrx_word' id='word_1_82' title='bbox 932 1836 953 1868; x_wconf 94' lang='lat'>1</span> <span class='ocrx_word' id='word_1_83' title='bbox 989 1836 1056 1888; x_wconf 74' lang='lat' dir='ltr'>s.¹</span> 
     </span>
     <span class='ocr_line' id='line_1_22' title="bbox 150 1889 1070 1974; baseline -0.002 -24"><span class='ocrx_word' id='word_1_84' title='bbox 150 1903 287 1974; x_wconf 73' lang='lat' dir='ltr'>Quid</span> <span class='ocrx_word' id='word_1_85' title='bbox 312 1905 429 1951; x_wconf 85' lang='lat' dir='ltr'>istuc</span> <span class='ocrx_word' id='word_1_86' title='bbox 454 1916 521 1950; x_wconf 88' lang='lat' dir='ltr'>est</span> <span class='ocrx_word' id='word_1_87' title='bbox 545 1905 708 1950; x_wconf 84' lang='lat' dir='ltr'>verbi?</span> <span class='ocrx_word' id='word_1_88' title='bbox 1055 1889 1070 1905; x_wconf 50' lang='lat'>⁸</span> 
     </span>
     <span class='ocr_line' id='line_1_23' title="bbox 420 1996 1140 2032; baseline -0.001 -1"><span class='ocrx_word' id='word_1_89' title='bbox 420 1996 1140 2032; x_wconf 84' lang='lat' dir='ltr'>LAMPADISCUS.</span> 
     </span>
    </p>
   </div>
   <div class='ocr_carea' id='block_1_7' title="bbox 150 2071 1196 2208">
    <p class='ocr_par' dir='ltr' id='par_1_7' title="bbox 150 2071 1196 2208">
     <span class='ocr_line' id='line_1_24' title="bbox 719 2071 1196 2135; baseline 0 -15"><span class='ocrx_word' id='word_1_90' title='bbox 719 2071 793 2120; x_wconf 84' lang='lat' dir='ltr'>Ex</span> <span class='ocrx_word' id='word_1_91' title='bbox 819 2075 974 2135; x_wconf 86' lang='lat' dir='ltr'>priore</span> <span class='ocrx_word' id='word_1_92' title='bbox 996 2073 1196 2121; x_wconf 82' lang='lat' dir='ltr'>muliere</span> 
     </span>
     <span class='ocr_line' id='line_1_25' title="bbox 150 2144 1078 2208; baseline 0.003 -17"><span class='ocrx_word' id='word_1_93' title='bbox 150 2144 302 2204; x_wconf 86' lang='lat' dir='ltr'>Nata,</span> <span class='ocrx_word' id='word_1_94' title='bbox 330 2146 557 2208; x_wconf 85' lang='lat' dir='ltr'>inquam,</span> <span class='ocrx_word' id='word_1_95' title='bbox 586 2164 695 2194; x_wconf 89' lang='lat' dir='ltr'>meo</span> <span class='ocrx_word' id='word_1_96' title='bbox 725 2149 840 2194; x_wconf 87' lang='lat' dir='ltr'>hero</span> <span class='ocrx_word' id='word_1_97' title='bbox 872 2148 966 2193; x_wconf 78' lang='lat' dir='ltr'>filia</span> <span class='ocrx_word' id='word_1_98' title='bbox 997 2159 1078 2194; x_wconf 69' lang='lat' dir='ltr'>oet.</span> 
     </span>
    </p>
   </div>
   <div class='ocr_carea' id='block_1_8' title="bbox 536 2251 1042 2286">
    <p class='ocr_par' dir='ltr' id='par_1_8' title="bbox 536 2251 1042 2286">
     <span class='ocr_line' id='line_1_26' title="bbox 536 2251 1042 2286; baseline -0.004 0"><span class='ocrx_word' id='word_1_99' title='bbox 536 2251 1042 2286; x_wconf 83' lang='lat' dir='ltr'>MELAENIS.</span> 
     </span>
    </p>
   </div>
   <div class='ocr_carea' id='block_1_9' title="bbox 156 2316 1422 2457">
    <p class='ocr_par' dir='ltr' id='par_1_9' title="bbox 156 2316 1422 2457">
     <span class='ocr_line' id='line_1_27' title="bbox 1106 2316 1422 2365; baseline 0 0"><span class='ocrx_word' id='word_1_100' title='bbox 1106 2318 1243 2365; x_wconf 86' lang='lat' dir='ltr'>Certe</span> <span class='ocrx_word' id='word_1_101' title='bbox 1270 2316 1422 2365; x_wconf 86' lang='lat' dir='ltr'>modo</span> 
     </span>
     <span class='ocr_line' id='line_1_28' title="bbox 156 2392 1389 2457; baseline -0.001 -19"><span class='ocrx_word' id='word_1_102' title='bbox 156 2393 336 2456; x_wconf 88' lang='lat' dir='ltr'><strong>Hujus,</strong></span> <span class='ocrx_word' id='word_1_103' title='bbox 361 2410 483 2455; x_wconf 90' lang='lat' dir='ltr'>quae</span> <span class='ocrx_word' id='word_1_104' title='bbox 511 2395 671 2440; x_wconf 90' lang='lat' dir='ltr'>locuta</span> <span class='ocrx_word' id='word_1_105' title='bbox 696 2403 787 2450; x_wconf 90' lang='lat' dir='ltr'>est,</span> <span class='ocrx_word' id='word_1_106' title='bbox 811 2407 1031 2454; x_wconf 82' lang='lat' dir='ltr'>quaerere</span> <span class='ocrx_word' id='word_1_107' title='bbox 1054 2393 1204 2457; x_wconf 82' lang='lat' dir='ltr'>ajebas</span> <span class='ocrx_word' id='word_1_108' title='bbox 1229 2392 1389 2438; x_wconf 80' lang='lat' dir='ltr'>filiam.</span> 
     </span>
    </p>
   </div>
   <div class='ocr_carea' id='block_1_10' title="bbox 224 2471 1261 2518">
    <p class='ocr_par' dir='ltr' id='par_1_10' title="bbox 224 2471 1261 2518">
     <span class='ocr_line' id='line_1_29' title="bbox 224 2471 1261 2518; baseline 0 -1"><span class='ocrx_word' id='word_1_109' title='bbox 224 2471 308 2517; x_wconf 83' lang='lat' dir='ltr'><em>Vol.</em></span> <span class='ocrx_word' id='word_1_110' title='bbox 343 2474 392 2518; x_wconf 77' lang='lat' dir='ltr'><em>L</em></span> <span class='ocrx_word' id='word_1_111' title='bbox 1155 2471 1204 2516; x_wconf 90' lang='lat' dir='ltr'>O</span> <span class='ocrx_word' id='word_1_112' title='bbox 1230 2485 1261 2517; x_wconf 89' lang='grc' dir='ltr'>ο</span> 
     </span>
    </p>
   </div>
  </div>
 </body>
</html>
