1650 2826
261 230 355 275 452
591 210 1204 260 CAPTEIVEI.
1412 212 1541 270 v.87

621 334 654 368 E
689 335 722 367 R
760 334 794 367 G
829 332 862 366 A
900 333 921 367 s
961 334 982 367 1
1018 333 1048 367 L
1085 334 1120 366 U
1158 334 1195 368 s.

719 406 841 453 Mihi
873 405 1076 467 quidem
1101 405 1252 452 esurio
1276 439 1290 463 ,
1316 421 1417 452 non
1441 407 1542 454 tibi.

749 501 783 535 H
819 500 848 536 E
884 502 916 535 G
951 501 972 534 1
1011 499 1060 535 O.

267 572 379 619 Tuo
407 573 630 620 arbitratu
659 571 794 618 facile
815 572 982 633 patior.

618 673 650 706 E
686 673 720 706 R
758 668 791 705 G
826 671 861 705 A
897 670 919 705 S
956 673 976 704 1
1012 669 1042 705 L
1081 673 1117 705 U
1153 673 1190 707 S.

917 738 1072 786 Credo
1089 775 1102 799 ‚
1133 752 1383 788 consuetus
1410 757 1542 802 puer.

743 836 791 874 ,Η
823 837 854 874 E
894 840 927 874 G
962 838 982 874 Ι
1023 841 1071 874 Ο.

262 910 485 973 Juppiter
501 919 549 957 te
566 906 747 971 Diique
763 910 977 972 perdant.

631 1011 1206 1045 ERGASILUS.

647 1080 720 1125 Te
736 1114 749 1137 ‚
774 1080 929 1125 hercle
947 1114 962 1137 ,
989 1081 1056 1126 mi
1087 1096 1296 1141 aequom
1314 1081 1367 1126 ’st
1389 1084 1549 1146 gratias

271 1152 421 1218 Agere
450 1153 515 1199 ob
546 1153 777 1198 nuntium
802 1171 811 1196 z
845 1162 1035 1198 tantum
1066 1169 1154 1217 ego
1190 1169 1322 1220 1Junc
1349 1166 1490 1215 porto
1527 1174 1553 1200 a

523 1237 670 1287 portu
694 1225 783 1271 tibi
808 1223 939 1272 boni.

273 1299 416 1347 Nunc
437 1311 493 1347 tu
508 1300 629 1347 mihi
654 1301 821 1362 places,

754 1402 1068 1436 HEGIO.

601 1478 697 1526 Abi
718 1481 886 1526 stultus
902 1515 916 1537 ,
943 1497 1043 1526 sero
1071 1491 1180 1542 post
1201 1490 1391 1541 tempus
1407 1480 1549 1526 venis.

630 1579 661 1612 Ε
697 1579 731 1614 R
768 1577 800 1614 G
838 1581 872 1614 A
908 1580 930 1613 s
967 1580 986 1612 1
1022 1576 1053 1612 1,
1091 1575 1126 1611 u
1162 1575 1199 1612 s.

275 1655 425 1719 Igitur
459 1655 575 1701 olim
614 1654 650 1699 si
682 1654 999 1714 advenissem,
1030 1653 1174 1718 magis
1207 1662 1263 1698 tu
1293 1662 1403 1698 tum
1435 1653 1553 1698 istuc

532 1727 718 1774 dicereS.

276 1799 419 1846 Nunc
437 1801 557 1845 hanc
572 1801 797 1846 laetitiam
813 1800 971 1862 accipe
989 1817 1014 1846 a
1030 1816 1127 1857 me,
1145 1810 1290 1860 quam
1306 1797 1419 1847 fero.
1438 1812 1549 1843 nam

537 1874 691 1920 filium
1351 1913 1364 1927 ,
1564 1865 1573 1875 ’

275 1946 444 1993 Tuum
481 1947 632 1993 modo
671 1948 722 1993 in
757 1958 902 2009 portu
935 1947 1326 2008 Philopolemum
1359 1940 1519 1992 vivom
1537 1974 1552 1996 ⁷

531 2022 737 2088 salvom,
761 2033 808 2067 et
830 2022 1054 2083 sospitem

278 2093 394 2140 'Vidi
420 2096 470 2141 in
491 2097 685 2157 publica
717 2099 899 2155 celoce,
926 2097 1207 2157 ibidemque
1232 2094 1371 2140 illum
1396 2089 1554 2137 adule-

309 2159 322 2171 ’”
533 2170 806 2216 scentulum

278 2235 443 2285 Alium
470 2256 565 2286 una
581 2276 594 2298 ,
632 2253 683 2287 et
716 2253 859 2287 tuum
898 2239 1190 2304 Stalagmum
1220 2249 1404 2282 servom
1421 2266 1434 2290 ‚
1469 2232 1554 2293 qui

538 2314 722 2378 aufugit
754 2315 900 2360 domo
918 2350 932 2371 ,

282 2379 384 2449 Qui
410 2384 497 2430 tibi
523 2386 746 2447 sutripuit
775 2387 1081 2449 quadrimum
1110 2397 1315 2445 puerum
1346 2379 1551 2425 filiolum

539 2470 694 2505 tuum.
