<?xml version="1.0" encoding="UTF-8"?>
<!DOCTYPE html PUBLIC "-//W3C//DTD XHTML 1.0 Transitional//EN"
    "http://www.w3.org/TR/xhtml1/DTD/xhtml1-transitional.dtd">
<html xmlns="http://www.w3.org/1999/xhtml" xml:lang="en" lang="en">
 <head>
  <title>
</title>
<meta http-equiv="Content-Type" content="text/html;charset=utf-8" />
  <meta name='ocr-system' content='tesseract 3.04.00' />
  <meta name='ocr-capabilities' content='ocr_page ocr_carea ocr_par ocr_line ocrx_word'/>
</head>
<body>
  <div class='ocr_page' id='page_1' title='image "./comoediaesuperst01plauuoft_0196.png"; bbox 0 0 1650 2826; ppageno 0'>
   <div class='ocr_carea' id='block_1_1' title="bbox 297 172 1570 267">
    <p class='ocr_par' dir='ltr' id='par_1_1' title="bbox 297 172 1570 267">
     <span class='ocr_line' id='line_1_1' title="bbox 297 172 1570 267; baseline -0.002 -18"><span class='ocrx_word' id='word_1_1' title='bbox 297 215 381 260; x_wconf 72' lang='lat'>142</span> <span class='ocrx_word' id='word_1_2' title='bbox 664 172 1200 248; x_wconf 79' lang='lat' dir='ltr'>A&#39;S1NAR1A.</span> <span class='ocrx_word' id='word_1_3' title='bbox 1447 223 1570 267; x_wconf 47' lang='grc' dir='ltr'>Μ,</span> 
     </span>
    </p>
   </div>
   <div class='ocr_carea' id='block_1_2' title="bbox 709 320 1156 357">
    <p class='ocr_par' dir='ltr' id='par_1_2' title="bbox 709 320 1156 357">
     <span class='ocr_line' id='line_1_2' title="bbox 709 320 1156 357; baseline 0.011 -5"><span class='ocrx_word' id='word_1_4' title='bbox 709 320 1156 357; x_wconf 84' lang='lat' dir='ltr'>LEONIDA.</span> 
     </span>
    </p>
   </div>
   <div class='ocr_carea' id='block_1_3' title="bbox 287 396 1569 515">
    <p class='ocr_par' dir='ltr' id='par_1_3' title="bbox 287 396 1569 515">
     <span class='ocr_line' id='line_1_3' title="bbox 287 396 1569 462; baseline 0.004 -17"><span class='ocrx_word' id='word_1_5' title='bbox 287 396 450 446; x_wconf 81' lang='lat' dir='ltr'>Hem!</span> <span class='ocrx_word' id='word_1_6' title='bbox 470 397 553 457; x_wconf 78' lang='lat' dir='ltr'>ista</span> <span class='ocrx_word' id='word_1_7' title='bbox 578 397 724 443; x_wconf 83' lang='lat' dir='ltr'>virtus</span> <span class='ocrx_word' id='word_1_8' title='bbox 745 408 836 454; x_wconf 78' lang='lat' dir='ltr'>est,</span> <span class='ocrx_word' id='word_1_9' title='bbox 868 400 1062 458; x_wconf 86' lang='lat' dir='ltr'>quando</span> <span class='ocrx_word' id='word_1_10' title='bbox 1090 416 1178 445; x_wconf 88' lang='lat' dir='ltr'>usu</span> <span class='ocrx_word' id='word_1_11' title='bbox 1195 400 1247 445; x_wconf 87' lang='lat' dir='ltr'>’st</span> <span class='ocrx_word' id='word_1_12' title='bbox 1277 402 1362 462; x_wconf 90' lang='lat' dir='ltr'>qui</span> <span class='ocrx_word' id='word_1_13' title='bbox 1389 405 1569 450; x_wconf 85' lang='lat' dir='ltr'>malum</span> 
     </span>
     <span class='ocr_line' id='line_1_4' title="bbox 548 468 859 515; baseline 0.003 -1"><span class='ocrx_word' id='word_1_14' title='bbox 548 469 636 514; x_wconf 83' lang='lat' dir='ltr'>fert</span> <span class='ocrx_word' id='word_1_15' title='bbox 666 468 859 515; x_wconf 82' lang='lat' dir='ltr'>fortiter.</span> 
     </span>
    </p>
   </div>
   <div class='ocr_carea' id='block_1_4' title="bbox 284 540 1570 663">
    <p class='ocr_par' dir='ltr' id='par_1_4' title="bbox 284 540 1570 663">
     <span class='ocr_line' id='line_1_5' title="bbox 284 540 1570 608; baseline 0.002 -18"><span class='ocrx_word' id='word_1_16' title='bbox 284 541 484 590; x_wconf 83' lang='lat' dir='ltr'><strong>Fortiter</strong></span> <span class='ocrx_word' id='word_1_17' title='bbox 515 542 697 587; x_wconf 90' lang='lat' dir='ltr'>malum</span> <span class='ocrx_word' id='word_1_18' title='bbox 731 542 814 602; x_wconf 90' lang='lat' dir='ltr'>qui</span> <span class='ocrx_word' id='word_1_19' title='bbox 846 542 1023 603; x_wconf 85' lang='lat' dir='ltr'>patitur</span> <span class='ocrx_word' id='word_1_20' title='bbox 1043 576 1056 598; x_wconf 83' lang='lat'>‚</span> <span class='ocrx_word' id='word_1_21' title='bbox 1093 540 1222 590; x_wconf 84' lang='lat' dir='ltr'>idem</span> <span class='ocrx_word' id='word_1_22' title='bbox 1251 556 1360 606; x_wconf 91' lang='lat' dir='ltr'>post</span> <span class='ocrx_word' id='word_1_23' title='bbox 1392 548 1570 608; x_wconf 87' lang='lat' dir='ltr'>patitur</span> 
     </span>
     <span class='ocr_line' id='line_1_6' title="bbox 539 616 1525 663; baseline 0.001 0"><span class='ocrx_word' id='word_1_24' title='bbox 539 616 741 663; x_wconf 88' lang='lat' dir='ltr'>bonum.</span> <span class='ocrx_word' id='word_1_25' title='bbox 1524 628 1525 631; x_wconf 76' lang='grc'>’</span> 
     </span>
    </p>
   </div>
   <div class='ocr_carea' id='block_1_5' title="bbox 707 715 1144 750">
    <p class='ocr_par' dir='ltr' id='par_1_5' title="bbox 707 715 1144 750">
     <span class='ocr_line' id='line_1_7' title="bbox 707 715 1144 750; baseline 0.002 -1"><span class='ocrx_word' id='word_1_26' title='bbox 707 715 1144 750; x_wconf 81' lang='lat' dir='ltr'>LIBANUS.</span> 
     </span>
    </p>
   </div>
   <div class='ocr_carea' id='block_1_6' title="bbox 284 784 1565 987">
    <p class='ocr_par' dir='ltr' id='par_1_6' title="bbox 284 784 1565 987">
     <span class='ocr_line' id='line_1_8' title="bbox 284 784 1565 860; baseline -0.005 -23"><span class='ocrx_word' id='word_1_27' title='bbox 284 784 431 860; x_wconf 54' lang='lat' dir='ltr'>Quin*</span> <span class='ocrx_word' id='word_1_28' title='bbox 446 804 549 835; x_wconf 80' lang='lat' dir='ltr'>rem</span> <span class='ocrx_word' id='word_1_29' title='bbox 578 797 795 832; x_wconf 87' lang='lat' dir='ltr'>actutum</span> <span class='ocrx_word' id='word_1_30' title='bbox 819 785 1053 831; x_wconf 81' lang='lat' dir='ltr'>edisseris?</span> <span class='ocrx_word' id='word_1_31' title='bbox 1073 785 1214 848; x_wconf 91' lang='lat' dir='ltr'>cupio</span> <span class='ocrx_word' id='word_1_32' title='bbox 1242 791 1424 841; x_wconf 85' lang='lat' dir='ltr'>malum</span> <span class='ocrx_word' id='word_1_33' title='bbox 1450 785 1565 838; x_wconf 78' lang='lat' dir='ltr'>nan&#39;.</span> 
     </span>
     <span class='ocr_line' id='line_1_9' title="bbox 541 873 708 907; baseline -0.024 0"><span class='ocrx_word' id='word_1_34' title='bbox 541 873 708 907; x_wconf 84' lang='lat' dir='ltr'>clscler.</span> 
     </span>
     <span class='ocr_line' id='line_1_10' title="bbox 694 952 1139 987; baseline 0.002 -1"><span class='ocrx_word' id='word_1_35' title='bbox 694 954 725 986; x_wconf 98' lang='lat' dir='ltr'>L</span> <span class='ocrx_word' id='word_1_36' title='bbox 761 952 790 985; x_wconf 85' lang='lat' dir='ltr'><strong>E</strong></span> <span class='ocrx_word' id='word_1_37' title='bbox 828 953 859 986; x_wconf 92' lang='lat' dir='ltr'>o</span> <span class='ocrx_word' id='word_1_38' title='bbox 895 953 927 985; x_wconf 99' lang='lat' dir='ltr'>N</span> <span class='ocrx_word' id='word_1_39' title='bbox 964 954 984 985; x_wconf 95' lang='lat'>1</span> <span class='ocrx_word' id='word_1_40' title='bbox 1021 954 1055 986; x_wconf 99' lang='lat' dir='ltr'>D</span> <span class='ocrx_word' id='word_1_41' title='bbox 1092 954 1139 987; x_wconf 88' lang='lat' dir='ltr'>A.</span> 
     </span>
    </p>
   </div>
   <div class='ocr_carea' id='block_1_7' title="bbox 279 1029 1562 1148">
    <p class='ocr_par' dir='ltr' id='par_1_7' title="bbox 279 1029 1562 1148">
     <span class='ocr_line' id='line_1_11' title="bbox 279 1029 1562 1094; baseline 0.002 -16"><span class='ocrx_word' id='word_1_42' title='bbox 279 1029 464 1079; x_wconf 84' lang='lat' dir='ltr'><strong>Placide</strong></span> <span class='ocrx_word' id='word_1_43' title='bbox 504 1044 613 1094; x_wconf 86' lang='lat' dir='ltr'>ergo</span> <span class='ocrx_word' id='word_1_44' title='bbox 652 1029 1030 1090; x_wconf 87' lang='lat' dir='ltr'>unumquidque</span> <span class='ocrx_word' id='word_1_45' title='bbox 1061 1031 1261 1094; x_wconf 84' lang='lat' dir='ltr'>erogita‚</span> <span class='ocrx_word' id='word_1_46' title='bbox 1293 1043 1349 1078; x_wconf 89' lang='lat' dir='ltr'>ut</span> <span class='ocrx_word' id='word_1_47' title='bbox 1375 1033 1562 1094; x_wconf 83' lang='lat' dir='ltr'>acquie-</span> 
     </span>
     <span class='ocr_line' id='line_1_12' title="bbox 540 1101 959 1148; baseline -0.005 0"><span class='ocrx_word' id='word_1_48' title='bbox 540 1119 676 1148; x_wconf 87' lang='lat' dir='ltr'>scam.</span> <span class='ocrx_word' id='word_1_49' title='bbox 702 1118 804 1147; x_wconf 90' lang='lat' dir='ltr'>non</span> <span class='ocrx_word' id='word_1_50' title='bbox 831 1101 959 1147; x_wconf 88' lang='lat' dir='ltr'>vides</span> 
     </span>
    </p>
   </div>
   <div class='ocr_carea' id='block_1_8' title="bbox 278 1171 1372 1264">
    <p class='ocr_par' dir='ltr' id='par_1_8' title="bbox 278 1171 1372 1264">
     <span class='ocr_line' id='line_1_13' title="bbox 278 1171 1339 1226; baseline -0.006 -1"><span class='ocrx_word' id='word_1_51' title='bbox 278 1176 359 1226; x_wconf 90' lang='lat' dir='ltr'>Me</span> <span class='ocrx_word' id='word_1_52' title='bbox 389 1192 449 1223; x_wconf 88' lang='lat' dir='ltr'>ex</span> <span class='ocrx_word' id='word_1_53' title='bbox 471 1191 656 1222; x_wconf 79' lang='lat' dir='ltr'>cursura</span> <span class='ocrx_word' id='word_1_54' title='bbox 674 1173 938 1220; x_wconf 80' lang='lat' dir='ltr'>anhelitum</span> <span class='ocrx_word' id='word_1_55' title='bbox 961 1173 1103 1218; x_wconf 86' lang='lat' dir='ltr'>etiarn</span> <span class='ocrx_word' id='word_1_56' title='bbox 1130 1171 1301 1219; x_wconf 82' lang='lat' dir='ltr'>ducere</span> <span class='ocrx_word' id='word_1_57' title='bbox 1317 1174 1339 1219; x_wconf 85' lang='lat'>?</span> 
     </span>
     <span class='ocr_line' id='line_1_14' title="bbox 1370 1242 1372 1264; baseline 0 0"><span class='ocrx_word' id='word_1_58' title='bbox 1370 1242 1372 1264; x_wconf 86' lang='grc' dir='ltr'>Ι</span> 
     </span>
    </p>
   </div>
   <div class='ocr_carea' id='block_1_9' title="bbox 268 1279 1556 2211">
    <p class='ocr_par' dir='ltr' id='par_1_9' title="bbox 268 1279 1556 2211">
     <span class='ocr_line' id='line_1_15' title="bbox 695 1279 1137 1316; baseline -0.002 0"><span class='ocrx_word' id='word_1_59' title='bbox 695 1283 728 1316; x_wconf 93' lang='lat' dir='ltr'>L</span> <span class='ocrx_word' id='word_1_60' title='bbox 763 1282 784 1315; x_wconf 92' lang='lat'>1</span> <span class='ocrx_word' id='word_1_61' title='bbox 820 1279 853 1314; x_wconf 78' lang='grc' dir='ltr'>Β·</span> <span class='ocrx_word' id='word_1_62' title='bbox 884 1281 916 1315; x_wconf 83' lang='grc' dir='ltr'><strong>Α</strong></span> <span class='ocrx_word' id='word_1_63' title='bbox 954 1282 1061 1315; x_wconf 63' lang='lat' dir='ltr'>N1U</span> <span class='ocrx_word' id='word_1_64' title='bbox 1098 1283 1137 1315; x_wconf 87' lang='lat' dir='ltr'>s.</span> 
     </span>
     <span class='ocr_line' id='line_1_16' title="bbox 1047 1351 1556 1418; baseline 0.002 -18"><span class='ocrx_word' id='word_1_65' title='bbox 1047 1351 1148 1416; x_wconf 89' lang='lat' dir='ltr'>Age</span> <span class='ocrx_word' id='word_1_66' title='bbox 1165 1387 1178 1409; x_wconf 84' lang='lat'>‚</span> <span class='ocrx_word' id='word_1_67' title='bbox 1200 1366 1285 1418; x_wconf 87' lang='lat' dir='ltr'>age</span> <span class='ocrx_word' id='word_1_68' title='bbox 1300 1388 1314 1412; x_wconf 92' lang='lat'>,</span> <span class='ocrx_word' id='word_1_69' title='bbox 1343 1370 1556 1401; x_wconf 87' lang='lat' dir='ltr'>mansero</span> 
     </span>
     <span class='ocr_line' id='line_1_17' title="bbox 277 1426 1348 1488; baseline -0.007 -8"><span class='ocrx_word' id='word_1_70' title='bbox 277 1433 388 1480; x_wconf 92' lang='lat' dir='ltr'>Tuo</span> <span class='ocrx_word' id='word_1_71' title='bbox 408 1430 633 1478; x_wconf 82' lang='lat' dir='ltr'>arbitratu</span> <span class='ocrx_word' id='word_1_72' title='bbox 646 1463 659 1487; x_wconf 83' lang='grc'>,</span> <span class='ocrx_word' id='word_1_73' title='bbox 678 1429 755 1474; x_wconf 87' lang='lat' dir='ltr'>vel</span> <span class='ocrx_word' id='word_1_74' title='bbox 774 1426 892 1473; x_wconf 88' lang='lat' dir='ltr'>adeo</span> <span class='ocrx_word' id='word_1_75' title='bbox 910 1442 1062 1487; x_wconf 83' lang='lat' dir='ltr'>usque</span> <span class='ocrx_word' id='word_1_76' title='bbox 1083 1427 1201 1473; x_wconf 89' lang='lat' dir='ltr'>dum</span> <span class='ocrx_word' id='word_1_77' title='bbox 1216 1427 1348 1488; x_wconf 87' lang='lat' dir='ltr'>peris.</span> 
     </span>
     <span class='ocr_line' id='line_1_18' title="bbox 689 1537 1136 1572; baseline -0.004 0"><span class='ocrx_word' id='word_1_78' title='bbox 689 1539 720 1572; x_wconf 90' lang='lat' dir='ltr'>L</span> <span class='ocrx_word' id='word_1_79' title='bbox 755 1540 785 1572; x_wconf 81' lang='grc' dir='ltr'><strong>Ε</strong></span> <span class='ocrx_word' id='word_1_80' title='bbox 822 1539 853 1572; x_wconf 93' lang='lat'>0</span> <span class='ocrx_word' id='word_1_81' title='bbox 892 1539 924 1571; x_wconf 93' lang='lat' dir='ltr'>N</span> <span class='ocrx_word' id='word_1_82' title='bbox 961 1538 982 1570; x_wconf 95' lang='lat'>1</span> <span class='ocrx_word' id='word_1_83' title='bbox 1017 1538 1053 1571; x_wconf 90' lang='lat' dir='ltr'>D</span> <span class='ocrx_word' id='word_1_84' title='bbox 1089 1537 1136 1570; x_wconf 88' lang='lat' dir='ltr'>A.</span> 
     </span>
     <span class='ocr_line' id='line_1_19' title="bbox 1068 1606 1554 1657; baseline 0 -2"><span class='ocrx_word' id='word_1_85' title='bbox 1068 1606 1276 1655; x_wconf 86' lang='lat' dir='ltr'>Ubinam</span> <span class='ocrx_word' id='word_1_86' title='bbox 1297 1621 1364 1656; x_wconf 91' lang='lat' dir='ltr'>est</span> <span class='ocrx_word' id='word_1_87' title='bbox 1379 1610 1515 1657; x_wconf 84' lang='lat' dir='ltr'>herus</span> <span class='ocrx_word' id='word_1_88' title='bbox 1532 1611 1554 1656; x_wconf 68' lang='grc' dir='ltr'>Ρ</span> 
     </span>
     <span class='ocr_line' id='line_1_20' title="bbox 693 1711 1133 1751; baseline -0.009 -4"><span class='ocrx_word' id='word_1_89' title='bbox 693 1712 724 1748; x_wconf 80' lang='lat'>1,</span> <span class='ocrx_word' id='word_1_90' title='bbox 758 1714 778 1746; x_wconf 95' lang='lat'>1</span> <span class='ocrx_word' id='word_1_91' title='bbox 816 1713 913 1751; x_wconf 80' lang='lat' dir='ltr'>B.A</span> <span class='ocrx_word' id='word_1_92' title='bbox 949 1714 983 1746; x_wconf 95' lang='grc' dir='ltr'>Ν</span> <span class='ocrx_word' id='word_1_93' title='bbox 1021 1712 1056 1744; x_wconf 88' lang='lat' dir='ltr'>U</span> <span class='ocrx_word' id='word_1_94' title='bbox 1096 1711 1133 1744; x_wconf 92' lang='lat' dir='ltr'>s.</span> 
     </span>
     <span class='ocr_line' id='line_1_21' title="bbox 272 1786 1264 1855; baseline -0.007 -18"><span class='ocrx_word' id='word_1_95' title='bbox 272 1790 422 1855; x_wconf 80' lang='lat' dir='ltr'>Major</span> <span class='ocrx_word' id='word_1_96' title='bbox 440 1789 570 1851; x_wconf 87' lang='lat' dir='ltr'>apud</span> <span class='ocrx_word' id='word_1_97' title='bbox 584 1789 744 1835; x_wconf 82' lang='lat' dir='ltr'>forum</span> <span class='ocrx_word' id='word_1_98' title='bbox 762 1789 814 1832; x_wconf 88' lang='lat' dir='ltr'>’st</span> <span class='ocrx_word' id='word_1_99' title='bbox 827 1822 840 1843; x_wconf 85' lang='lat'>,</span> <span class='ocrx_word' id='word_1_100' title='bbox 859 1787 1015 1832; x_wconf 88' lang='lat' dir='ltr'>minor</span> <span class='ocrx_word' id='word_1_101' title='bbox 1033 1787 1107 1831; x_wconf 91' lang='lat' dir='ltr'>hic</span> <span class='ocrx_word' id='word_1_102' title='bbox 1126 1786 1264 1832; x_wconf 78' lang='lat' dir='ltr'>intus.</span> 
     </span>
     <span class='ocr_line' id='line_1_22' title="bbox 691 1887 1138 1922; baseline -0.007 0"><span class='ocrx_word' id='word_1_103' title='bbox 691 1889 721 1922; x_wconf 93' lang='lat' dir='ltr'>L</span> <span class='ocrx_word' id='word_1_104' title='bbox 755 1888 785 1920; x_wconf 82' lang='grc' dir='ltr'><strong>Ε</strong></span> <span class='ocrx_word' id='word_1_105' title='bbox 822 1888 853 1920; x_wconf 94' lang='lat' dir='ltr'>o</span> <span class='ocrx_word' id='word_1_106' title='bbox 891 1889 924 1920; x_wconf 93' lang='lat' dir='ltr'>N</span> <span class='ocrx_word' id='word_1_107' title='bbox 963 1887 983 1919; x_wconf 91' lang='lat'>1</span> <span class='ocrx_word' id='word_1_108' title='bbox 1019 1887 1054 1920; x_wconf 90' lang='lat' dir='ltr'>D</span> <span class='ocrx_word' id='word_1_109' title='bbox 1091 1887 1138 1920; x_wconf 90' lang='lat' dir='ltr'>A.</span> 
     </span>
     <span class='ocr_line' id='line_1_23' title="bbox 1065 1960 1545 2018; baseline 0 -13"><span class='ocrx_word' id='word_1_110' title='bbox 1065 1960 1172 2018; x_wconf 88' lang='lat' dir='ltr'>Jam</span> <span class='ocrx_word' id='word_1_111' title='bbox 1195 1961 1297 2007; x_wconf 88' lang='lat' dir='ltr'>satis</span> <span class='ocrx_word' id='word_1_112' title='bbox 1322 1971 1388 2007; x_wconf 86' lang='lat' dir='ltr'>est</span> <span class='ocrx_word' id='word_1_113' title='bbox 1415 1962 1545 2007; x_wconf 87' lang='lat' dir='ltr'>mihi.</span> 
     </span>
     <span class='ocr_line' id='line_1_24' title="bbox 690 2063 1127 2100; baseline -0.002 0"><span class='ocrx_word' id='word_1_114' title='bbox 690 2066 720 2100; x_wconf 85' lang='lat' dir='ltr'>L</span> <span class='ocrx_word' id='word_1_115' title='bbox 755 2065 776 2098; x_wconf 92' lang='lat'>1</span> <span class='ocrx_word' id='word_1_116' title='bbox 812 2064 839 2097; x_wconf 91' lang='lat' dir='ltr'><strong>B</strong></span> <span class='ocrx_word' id='word_1_117' title='bbox 876 2064 911 2098; x_wconf 89' lang='lat' dir='ltr'>A</span> <span class='ocrx_word' id='word_1_118' title='bbox 946 2064 979 2097; x_wconf 91' lang='lat' dir='ltr'>N</span> <span class='ocrx_word' id='word_1_119' title='bbox 1017 2063 1051 2096; x_wconf 93' lang='lat' dir='ltr'>U</span> <span class='ocrx_word' id='word_1_120' title='bbox 1089 2066 1127 2099; x_wconf 86' lang='lat' dir='ltr'>S.</span> 
     </span>
     <span class='ocr_line' id='line_1_25' title="bbox 268 2138 1050 2211; baseline -0.017 -15"><span class='ocrx_word' id='word_1_121' title='bbox 268 2147 400 2196; x_wconf 89' lang='lat' dir='ltr'>Tum</span> <span class='ocrx_word' id='word_1_122' title='bbox 417 2147 556 2211; x_wconf 84' lang='lat' dir='ltr'>igitur</span> <span class='ocrx_word' id='word_1_123' title='bbox 578 2155 631 2190; x_wconf 92' lang='lat' dir='ltr'>tu</span> <span class='ocrx_word' id='word_1_124' title='bbox 661 2142 788 2188; x_wconf 87' lang='lat' dir='ltr'>dives</span> <span class='ocrx_word' id='word_1_125' title='bbox 811 2157 856 2186; x_wconf 85' lang='lat' dir='ltr'>es</span> <span class='ocrx_word' id='word_1_126' title='bbox 873 2138 1050 2185; x_wconf 84' lang='lat' dir='ltr'>factus?</span> 
     </span>
    </p>
   </div>
   <div class='ocr_carea' id='block_1_10' title="bbox 682 2247 1536 2360">
    <p class='ocr_par' dir='ltr' id='par_1_10' title="bbox 682 2247 1536 2360">
     <span class='ocr_line' id='line_1_26' title="bbox 682 2247 1130 2303; baseline -0.016 -18"><span class='ocrx_word' id='word_1_127' title='bbox 682 2251 712 2303; x_wconf 83' lang='lat' dir='ltr'>L</span> <span class='ocrx_word' id='word_1_128' title='bbox 747 2251 778 2284; x_wconf 86' lang='lat' dir='ltr'><strong>E</strong></span> <span class='ocrx_word' id='word_1_129' title='bbox 814 2250 846 2283; x_wconf 93' lang='lat' dir='ltr'>o</span> <span class='ocrx_word' id='word_1_130' title='bbox 883 2249 917 2282; x_wconf 92' lang='lat' dir='ltr'>N</span> <span class='ocrx_word' id='word_1_131' title='bbox 953 2249 974 2282; x_wconf 92' lang='lat'>1</span> <span class='ocrx_word' id='word_1_132' title='bbox 1009 2249 1045 2281; x_wconf 90' lang='lat' dir='ltr'>D</span> <span class='ocrx_word' id='word_1_133' title='bbox 1081 2247 1130 2279; x_wconf 88' lang='lat' dir='ltr'>A.</span> 
     </span>
     <span class='ocr_line' id='line_1_27' title="bbox 788 2306 1536 2360; baseline -0.007 1"><span class='ocrx_word' id='word_1_134' title='bbox 788 2306 795 2315; x_wconf 55' lang='lat'>⁸</span> <span class='ocrx_word' id='word_1_135' title='bbox 1111 2314 1249 2360; x_wconf 86' lang='lat' dir='ltr'>Mitte</span> <span class='ocrx_word' id='word_1_136' title='bbox 1266 2311 1536 2357; x_wconf 84' lang='lat' dir='ltr'>ridicularia.</span> 
     </span>
    </p>
   </div>
   <div class='ocr_carea' id='block_1_11' title="bbox 266 2416 1531 2550">
    <p class='ocr_par' dir='ltr' id='par_1_11' title="bbox 266 2416 1531 2550">
     <span class='ocr_line' id='line_1_28' title="bbox 683 2416 1117 2455; baseline -0.016 0"><span class='ocrx_word' id='word_1_137' title='bbox 683 2422 712 2455; x_wconf 90' lang='lat' dir='ltr'>L</span> <span class='ocrx_word' id='word_1_138' title='bbox 748 2422 767 2454; x_wconf 91' lang='lat'>1</span> <span class='ocrx_word' id='word_1_139' title='bbox 804 2421 831 2452; x_wconf 85' lang='grc' dir='ltr'>Β</span> <span class='ocrx_word' id='word_1_140' title='bbox 867 2420 900 2452; x_wconf 89' lang='lat' dir='ltr'>A</span> <span class='ocrx_word' id='word_1_141' title='bbox 940 2422 971 2452; x_wconf 93' lang='lat' dir='ltr'>N</span> <span class='ocrx_word' id='word_1_142' title='bbox 1010 2418 1044 2449; x_wconf 85' lang='lat' dir='ltr'>U</span> <span class='ocrx_word' id='word_1_143' title='bbox 1081 2416 1117 2448; x_wconf 87' lang='lat' dir='ltr'>s.</span> 
     </span>
     <span class='ocr_line' id='line_1_29' title="bbox 266 2489 1531 2550; baseline -0.012 -8"><span class='ocrx_word' id='word_1_144' title='bbox 266 2493 421 2541; x_wconf 84' lang='lat' dir='ltr'>Mitto.</span> <span class='ocrx_word' id='word_1_145' title='bbox 447 2489 573 2537; x_wconf 90' lang='lat' dir='ltr'>istud</span> <span class='ocrx_word' id='word_1_146' title='bbox 595 2490 730 2550; x_wconf 90' lang='lat' dir='ltr'>quod</span> <span class='ocrx_word' id='word_1_147' title='bbox 747 2489 874 2536; x_wconf 82' lang='lat' dir='ltr'>affers</span> <span class='ocrx_word' id='word_1_148' title='bbox 890 2522 903 2546; x_wconf 83' lang='lat'>‚</span> <span class='ocrx_word' id='word_1_149' title='bbox 929 2504 1056 2534; x_wconf 84' lang='lat' dir='ltr'>aures</span> <span class='ocrx_word' id='word_1_150' title='bbox 1087 2494 1356 2548; x_wconf 83' lang='lat' dir='ltr'>exspectant</span> <span class='ocrx_word' id='word_1_151' title='bbox 1385 2499 1531 2529; x_wconf 83' lang='lat' dir='ltr'>meae.</span> 
     </span>
    </p>
   </div>
  </div>
 </body>
</html>
