1650 2826
0 248 3 258 ,
72 195 83 209 ··
126 203 256 262 με
383 199 674 249 Αοτυε
727 199 809 245 11.
867 196 1132 251 sc.1V.
1301 217 1393 262 ω

541 317 985 353 CONGRIO.

259 385 583 458 Quid-negoti
610 385 695 431 ’sti'

479 477 504 512 S
540 477 572 511 ‘1'
604 478 641 511 R
675 478 708 511 0
743 476 773 510 B
807 478 829 511 1
863 476 895 511 I.
930 476 967 511 U
1003 478 1040 512 S

749 544 887 614 Quid
910 546 1073 610 negoti
1094 547 1177 604 sit,
1201 547 1366 613 rogas?

133 618 317 667 Pumex
330 634 432 666 non
447 635 599 681 aeque
617 630 684 665 est
699 619 852 666 axidus
864 631 1038 681 ‚atque
1058 621 1135 668 hic
1153 634 1221 669 est
1241 638 1397 671 senex.

545 712 573 743 c
609 711 640 744 ο
676 711 710 743 N
746 710 778 742 G
813 712 847 744 R
882 711 903 743 1
940 712 988 744 o.

134 777 241 825 Ain’
270 779 465 826 taudem
494 780 564 825 ita
588 795 680 824 esse
707 789 763 824 ut
789 777 900 824 dicis
914 778 937 823 ?

492 874 516 908 S
553 874 584 907 T
620 874 654 908 R
688 874 720 907 Ο
755 873 784 906 Β
821 873 842 906 I
875 872 906 907 L
941 874 978 907 U
1013 869 1050 908 S.

939 939 1069 986 Tute
1097 942 1339 988 existuma.

142 1011 279 1082 Quin
299 1010 483 1075 Divom
508 1025 653 1076 atque
683 998 939 1060 homifmm
979 1013 1147 1063 clamat
1176 1015 1408 1062 continuo

389 1084 534 1130 fidem
552 1121 567 1143 ,

146 1152 291 1201 Suam
316 1173 416 1203 rem
440 1160 651 1219 periisse,
674 1171 819 1222 seque
848 1155 1116 1207 eradicafier
1129 1194 1145 1219 ‚

145 1226 223 1272 De
243 1243 329 1273 suo
349 1228 498 1292 tigiuo
527 1230 684 1277 fumus
708 1233 744 1277 si
777 1249 871 1292 qua
903 1232 1001 1278 exit
1023 1232 1154 1279 foras.

148 1301 285 1371 Quin
308 1318 460 1363 quom
484 1302 522 1348 it
543 1303 831 1361 dormitum,
862 1305 1027 1351 follem
1052 1306 1139 1351 sibi
1166 1305 1412 1370 obstringit

401 1375 466 1420 ob
485 1375 657 1438 gulam.

564 1466 591 1498 c
627 1468 659 1500 o
694 1467 728 1499 N
763 1466 797 1500 G
830 1468 864 1501 R
897 1469 920 1501 1
954 1469 1004 1502 ο.

153 1518 284 1567 Cur?

509 1594 532 1628 S
567 1595 599 1628 Τ
633 1597 667 1629 R
701 1596 734 1629 Ο
769 1594 797 1628 Β
831 1598 854 1630 1
890 1597 920 1630 L
954 1597 1001 1630 11
1027 1597 1065 1632 S.

302 1662 376 1712 Ne
405 1665 526 1726 quid
552 1666 733 1712 animae
754 1666 875 1713 forte
896 1667 1080 1714 amitat
1104 1668 1356 1717 dormiens.

528 1779 530 1781 >
569 1759 597 1790 C
632 1757 664 1790 Ο
699 1759 733 1790 N
768 1758 800 1791 G
837 1760 870 1792 R
904 1760 925 1791 I
962 1764 1009 1796 Ο.

159 1826 374 1874 Etiamne
401 1825 590 1872 obturat
613 1824 883 1872 inferiorem
908 1838 1149 1891 guttmem
1164 1861 1179 1884 ‚

159 1896 235 1946 Ne
264 1893 385 1961 quid
403 1898 572 1944 ammai
592 1897 712 1944 forte
737 1900 920 1945 amittat
943 1899 1179 1945 dormiens
1194 1899 1218 1943 Ρ

513 1990 536 2024 s
571 1990 602 2023 Τ
636 1992 670 2024 R
706 1992 739 2024 ο
775 1992 803 2023 Β
837 1993 858 2024 1
894 1993 924 2025 Ι,
961 1993 995 2025 U
1033 1992 1069 2025 s.

164 2064 293 2110 Haec
319 2059 437 2107 mihi
465 2069 539 2116 te,
566 2070 621 2104 ut
643 2059 731 2104 tibi
759 2075 837 2103 me
866 2075 1073 2118 aequom
1102 2067 1167 2103 est
1193 2054 1390 2103 credere.

576 2149 603 2185 c
639 2153 671 2184 ο
704 2152 738 2184 N
774 2150 806 2184 G
840 2152 873 2184 R
907 2152 928 2183 1
965 2152 1035 2203 o.»

164 2218 321 2265 Immo
353 2213 578 2276 equidem
604 2213 758 2261 credo.
1008 2256 1010 2258 ,

151 2270 157 2283 ’
247 2295 251 2298 ’
518 2306 540 2339 s
576 2307 607 2338 T
643 2306 677 2339 R
712 2306 744 2338 0
783 2305 811 2336 B
846 2304 866 2336 1
900 2303 931 2336 1,
966 2303 1002 2336 U
1038 2299 1075 2335 S.

741 2366 804 2413 At
825 2367 931 2412 scin’
961 2367 1099 2412 etiam
1122 2364 1409 2427 quomodo?

169 2441 357 2504 Aquam
370 2445 534 2492 hercle
567 2442 744 2504 plorat,
776 2457 928 2502 quom
954 2441 1105 2499 lavat,
1124 2439 1426 2559 progundere-

242 2516 325 2561 Vol.
359 2518 398 2562 I.
1033 2535 1038 2539 ’
1230 2561 1241 2566 -
