1650 2826
257 198 346 259 238
589 194 1230 248 AULULARIA.
1438 222 1535 269 v.9

257 306 581 354 Circumcirca.
622 304 743 366 quid
770 322 870 368 opu
893 306 947 353 ’st
977 295 1168 355 Verbis?
1193 309 1256 355 ita
1280 311 1347 356 mi
1372 325 1537 374 pectus

508 390 718 441 peracuit
739 398 749 424 :

253 451 402 513 Capio
434 449 607 497 fustem
623 486 636 509 ,
685 451 920 498 obtrunco
959 453 1137 517 gallum
1153 487 1166 512 ,
1197 453 1353 501 furem
1385 458 1536 503 mani-

432 552 434 554 ·
505 525 756 572 sestarium.
1251 527 1254 530 ’

251 598 406 646 Credo
441 616 527 665 ego
556 599 729 661 edepol
753 599 822 645 illi
847 599 1117 647 mercedem
1144 602 1267 666 gallo
1298 602 1533 664 pollicitos

501 689 683 734 coquos
702 706 717 730 ‚

245 747 297 794 Si
323 747 375 793 id
399 749 555 808 palam
579 746 768 793 fecisset.
803 748 958 794 exemi
983 764 1009 793 e
1034 764 1182 794 manu
1206 749 1530 796 manubrium.

247 819 390 890 Quid
432 837 532 882 opu
562 820 615 865 ’st
653 820 846 866 verbis?
887 820 1007 867 facta
1039 822 1093 868 ’st
1128 838 1290 887 pugna
1322 822 1374 868 in
1408 825 1530 887 gallo

503 894 772 958 gallinaceo.
1519 950 1528 957 ‚

242 966 340 1013 Sed
355 967 634 1032 Megadorus
648 982 780 1012 meus
794 963 936 1010 affinis
956 978 1122 1009 eccum
1139 963 1316 1009 incedit
1331 981 1356 1010 a
1374 965 1491 1011 foro.

238 1039 346 1099 jam
366 1039 496 1085 hunc
520 1042 628 1083 *non
658 1036 806 1082 au'sim
830 1034 1104 1096 praeterire,
1131 1035 1251 1096 quin
1279 1036 1525 1082 consistam

494 1120 543 1156 et
565 1110 839 1169 conloquar.

636 1256 1011 1306 SCENA
1083 1256 1129 1304 V.

338 1407 1440 1447 MEGADORUS‚EUGL10.

575 1529 1178 1566 MEGADORU'S.

959 1612 982 1634 Ο

237 1605 529 1719 NARRA
545 1681 612 1718 vr
649 1670 807 1717 amicis
839 1671 1005 1717 multis
1031 1669 1283 1718 consilium
1308 1682 1472 1716 meum

235 1744 311 1789 De
336 1743 610 1789 conditione
639 1744 739 1789 hac.
781 1743 1022 1789 Euclionis
1045 1743 1191 1789 filiam

235 1815 484 1861 Laudant:
525 1815 756 1876 sapienter
785 1815 966 1871 facturn
1001 1827 1047 1861 et
1081 1815 1276 1862 consilio
1307 1813 1452 1860 bono.

234 1887 359 1932 Nam
372 1922 386 1944 ‚
404 1904 514 1933 meo
534 1887 731 1948 quidem
749 1889 932 1945 animo,
953 1889 989 1934 si
1005 1888 1135 1934 idem
1156 1887 1326 1935 faciant
1343 1885 1503 1943 ceteri,

238 1959 576 2020 Opulentiores
602 1961 939 2022 pauperiorum
965 1962 1077 2008 filias

237 2031 301 2077 Ut
336 2032 568 2078 indotatas
607 2034 783 2094 ducant
816 2051 983 2082 uxores
1014 2036 1241 2088 domum;

235 2108 295 2152 Et
319 2109 476 2153 multo
504 2107 584 2152 fiat
615 2107 772 2154 civitas
801 2109 1106 2167 concordior,

230 2178 292 2223 Et
320 2179 497 2224 invidia
526 2195 612 2224 nos
641 2179 826 2225 minore
853 2191 1071 2239 utamur,
1097 2194 1243 2241 quam
1273 2177 1474 2223 utimur:

229 2250 291 2296 Et
325 2251 427 2296 illae
458 2253 631 2297 malam
663 2269 765 2298 rem
799 2264 1048 2313 metuant,
1078 2269 1225 2315 quam
1250 2260 1506 2307 metuunt,

479 2325 622 2388 magis
643 2344 652 2370 :

229 2394 291 2440 Et
316 2410 401 2439 nos
428 2395 611 2441 minore
644 2409 806 2442 sumtu
832 2398 998 2454 simus,
1028 2412 1173 2457 quam
1202 2395 1374 2439 sumus.

231 2467 289 2511 In
316 2482 591 2513 maxumam
621 2468 732 2514 illuc
757 2470 929 2530 populi
947 2478 1128 2530 partem
1150 2467 1205 2512 ’st
1233 2477 1502 2527 optumum.
