1650 2826
246 178 340 242 408
454 192 463 209 ‘
587 177 1205 226 CAPTEIVEI.
1400 182 1528 242 v.48

247 291 416 360 Quom
445 287 533 333 tibi
558 298 624 333 est
652 286 886 333 confessus
907 304 1091 334 verum.
1126 304 1424 350 quamquam
1444 306 1532 336 vo-

497 361 566 407 lui
597 362 763 407 sedulo

244 439 405 486 Meam
434 436 737 483 nobilitatem
766 437 1028 493 occultare,
1060 447 1106 482 et
1132 453 1308 500 genus,
1339 447 1386 483 et
1410 436 1533 483 divi-

497 521 579 557 t1as
594 526 744 566 meas,

243 586 416 651 Hegio.
452 599 584 630 nunc
613 582 809 643 quando
832 584 1034 646 patriam
1062 595 1109 630 et
1133 583 1401 631 libertatem
1425 600 1534 644 per-

502 655 637 710 didi',

244 732 358 779 Non
394 747 481 795 ego
517 729 671 773 istunc
706 740 784 770 me
814 723 1005 785 potiuS,
1035 739 1183 784 quam
1209 734 1258 769 te
1281 734 1531 781 metuere,

503 815 712 861 aequom
740 812 921 842 censeo.

243 877 326 926 Vis
360 878 538 924 hostilis
563 893 675 922 cum
708 875 825 920 istoc
860 872 971 919 fecit
1006 890 1132 920 meas
1165 876 1277 936 o'pes
1303 873 1530 935 aequabi-

503 952 579 996 les.

247 1022 479 1078 Memini,
507 1037 661 1081 quom
688 1019 816 1065 dicto
843 1018 974 1064 haud
996 1018 1227 1070 audebat;
1254 1019 1379 1067 facto
1401 1036 1533 1066 nunc

500 1093 655 1139 laedat
684 1092 807 1137 licet.

250 1166 345 1215 Sed
368 1166 563 1214 viden’?
593 1165 804 1210 Fortuna
832 1161 1043 1208 humana
1076 1163 1213 1226 fingit
1237 1174 1452 1225 artatque
1478 1175 1535 1211 ut

280 1234 284 1237 ¹
501 1239 639 1285 lubet
665 1256 676 1283 :

250 1318 331 1365 Me
349 1351 362 1374 ,
395 1316 481 1377 qui
510 1315 630 1360 liber
657 1313 870 1370 fueram,
898 1328 1084 1359 servom
1114 1312 1251 1359 feciti
1283 1329 1309 1360 e
1339 1329 1532 1360 summo

509 1386 747 1432 infimum.

254 1463 358 1534 Qui
383 1463 611 1523 imperare
631 1460 924 1505 insueveram
941 1494 955 1517 ‚
973 1475 1106 1507 nunc
1122 1460 1307 1506 alterius
1333 1460 1536 1522 imperio

505 1526 759 1594 obsequor.
928 1586 933 1597 1

249 1608 312 1655 Et
340 1607 538 1669 quidem
568 1606 632 1661 si,
661 1605 866 1667 proinde
889 1616 945 1652 ut
967 1605 1065 1667 ipse
1085 1606 1156 1652 fui
1180 1606 1434 1669 imperator
1461 1604 1529 1652 fa·-

503 1679 688 1736 miliae,

248 1753 467 1799 Habeam
503 1753 759 1798 dominum
777 1786 790 1807 ‚
820 1768 922 1798 non
953 1769 1112 1798 verear
1139 1768 1202 1798 ne
1246 1752 1420 1816 injuste
1450 1762 1533 1799 aut

505 1826 703 1889 graviter
734 1825 853 1870 mihi
883 1826 1096 1886 imperet.

251 1898 437 1963 Hegio,
458 1898 551 1945 hoc
575 1909 622 1944 te
649 1898 923 1956 monitum,
942 1898 1031 1944 nisi
1049 1897 1171 1945 forte
1195 1897 1293 1962 ipse
1317 1900 1420 1946 1'10n
1435 1899 1501 1947 vis
1516 1933 1531 1957 2
1558 1943 1561 1945 .

504 1972 764 2018 volueram.

736 2071 773 2104 Η
808 2072 840 2105 Ε
877 2071 910 2105 G
944 2072 965 2105 1
1005 2071 1055 2106 ο.

250 2137 475 2201 Loquere
501 2139 734 2187 audacter.

636 2233 668 2265 Τ
703 2232 738 2265 Y
774 2233 808 2266 N
844 2233 880 2266 D
913 2230 950 2265 A
984 2231 1018 2273 R
1054 2231 1091 2264 U
1126 2230 1174 2269 S„

411 2300 532 2346 Tam
553 2318 640 2366 ego
661 2301 731 2348 fui
749 2314 858 2349 ante
876 2302 1018 2360 liber,
1039 2318 1183 2363 quam
1203 2310 1368 2365 gnatus
1391 2310 1525 2346 tuus:

257 2373 380 2421 Tam
395 2375 540 2430 mihi,
564 2390 712 2433 quam
742 2375 809 2422 illi
825 2410 840 2435 ,
858 2376 1125 2423 libertatem
1151 2372 1328 2419 hostilis
1357 2372 1530 2436 eripuit

503 2461 672 2494 manus
690 2467 701 2494 ς
