1650 2826
111 206 243 243 v.21
404 192 692 253 ACTUS
742 193 777 239 Ῑ.
820 192 927 240 SC.
975 194 1091 240 111.
1288 198 1378 254 565

113 297 344 345 Eamdem
370 299 579 359 puellam
607 297 817 359 peperit,
849 314 996 358 quam
1024 314 1051 342 a
1080 313 1159 343 me
1192 313 1385 359 accepe-

363 382 434 416 rat
447 404 463 428 ‚

114 442 225 490 Sine
253 444 508 491 obstetricis
539 460 704 505 opera,
740 455 788 490 et
807 444 906 490 sine
935 443 1205 502 doloribus,

116 518 239 564 Item
257 528 313 564 ut
330 518 443 564 aliae
458 517 665 578 pariunt,
684 534 807 579 quae
822 518 1010 565 bonum
1031 530 1269 579 quaerunt
1283 519 1385 565 sibi.

114 588 239 634 Nam
266 601 523 634 amatorem
548 589 700 652 ajebat
723 606 815 635 esse
844 591 1146 653 peregrinum
1172 591 1275 636 sibi.

114 659 506 722 Supposifionem
537 663 634 726 ejus
659 662 726 707 rei
752 662 899 708 facere
927 663 1081 726 gratia.

113 733 174 778 Id
199 732 321 778 duae
346 749 432 779 nos
455 735 579 780 solae
606 735 801 780 scimus:
831 751 918 798 ego
942 752 1067 796 quae
1089 737 1155 780 illi
1180 735 1323 792 dedi,

114 805 177 852 Et
206 806 314 862 issa,
342 821 466 867 quae
482 823 510 852 a
534 823 612 852 me
634 807 836 868 accepit:
868 820 1050 868 praeter
1078 825 1161 854 vos
1187 808 1389 869 quidem

115 876 247 922 Haec
273 877 336 923 sic
357 893 426 923 τω
454 889 577 942 gesta
608 889 687 924 est.
719 880 754 924 si
782 880 886 939 quis
914 897 1023 926 usus
1045 881 1226 926 venerit
1242 915 1256 937 ,

114 947 381 995 Meminisse
402 965 491 1013 ego
518 950 639 996 hanc
659 966 761 996 rem
780 967 865 998 vos
882 952 1009 998 volo.
1039 968 1127 1016 ego
1149 953 1270 999 abeo
1296 951 1385 997 do-

362 1041 515 1071 mum.

445 1151 826 1200 SCENA
906 1156 1063 1218 zrl.

417 1279 1005 1315 -AUXILIUM

118 1339 482 1466 UTRUMQUE
507 1403 649 1462 haec,
671 1415 719 1450 et
744 1406 1035 1467 multiloqua
1060 1418 1108 1452 et
1133 1408 1388 1458 multibiba

371 1488 439 1522 est
467 1494 595 1522 anus.

115 1547 274 1595 Satine
298 1550 382 1596 vix
403 1540 597 1611 reliquit
621 1551 728 1597 Deo
745 1586 758 1608 ‚
779 1551 914 1612 quod
935 1552 1211 1612 loqueretur
1226 1586 1240 1608 ,
1258 1552 1350 1597 loci
1363 1552 1386 1597 ζ’

40 1660 45 1665 .
115 1622 189 1668 Ita
211 1615 479 1684 properavit
511 1624 571 1670 de
595 1626 783 1686 puellae
806 1625 1034 1686 proloqui

115 1692 465 1755 Suppositione.
499 1697 636 1756 quod
663 1697 700 1742 si
732 1697 973 1751 tacuisset,
1001 1707 1161 1740 tamen

117 1766 221 1830 Ego
250 1783 376 1813 eram
404 1767 614 1815 dicturus
637 1769 795 1826 Deus,
819 1770 905 1830 qui
922 1779 1137 1830 poteram
1155 1764 1367 1828 plahius:
1391 1765 1414 1791 ⁶

116 1837 242 1886 Nam
260 1841 331 1886 mi
350 1853 418 1887 aet
439 1841 633 1888 Auxilio
660 1858 853 1888 nomen.
878 1857 1009 1887 nunc
1036 1856 1227 1902 operam
1253 1840 1359 1884 date
1373 1874 1390 1896 ,

118 1910 184 1957 Ut
208 1929 296 1975 ego
313 1926 648 1977 argumentum
664 1916 758 1961 hoc
776 1915 909 1961 vobis
924 1916 1065 1975 plane
1088 1925 1354 1974 perputem.

117 1981 267 2028 Fuere
280 1982 489 2046 ,Sicyoni
512 1985 699 2048 jamdiu
730 1985 970 2046 Dionysia.

117 2053 351 2100 Mercator
376 2057 509 2102 venit
537 2058 632 2103 huc
659 2057 720 2102 ad
753 2057 890 2103 ludos
922 2056 1185 2112 Lemnius,

117 2126 261 2186 Isque
290 2128 367 2173 hic
398 2130 652 2190 conpressit
670 2130 901 2201 virginem
922 2129 1330 2186 adulescentulus,

46 2260 49 2262 ι
119 2197 183 2244 Vi
212 2199 520 2259 vinulentus,
546 2204 695 2248 multa
718 2214 890 2259 nocte,
921 2202 974 2248 in
992 2202 1081 2248 via.

119 2271 165 2316 Is
199 2272 285 2318 ubi
311 2274 483 2319 malam
512 2291 613 2320 rem
639 2275 724 2321 scit
749 2292 795 2320 se
820 2275 1072 2332 meruisse,
1099 2275 1226 2321 illico

119 2344 323 2392 Pedibus
344 2347 615 2412 perfugium
635 2349 843 2410 peperit,
862 2349 912 2393 in
927 2349 1167 2394 Lemnum
1186 2348 1390 2410 aufugit,

121 2415 215 2462 Ubi
238 2418 477 2467 habitabat
503 2430 623 2467 tum.
661 2421 739 2466 illa
752 2454 769 2479 ,
801 2437 946 2482 quam
978 2432 1328 2482 conpresserat,

1035 2493 1081 2537 N
1096 2509 1128 2537 n
1162 2508 1198 2551 3
