1650 2826
254 164 344 224 158
649 139 1183 213 ASINARIA'.
1408 166 1534 219 &7⁸80

628 279 1163 321 MERCATom

247 359 392 408 Nunc
418 357 654 406 demum?
697 369 858 404 tamen
888 374 1160 420 numquam
1184 358 1296 409 hinc
1322 357 1437 410 feres
1465 380 1533 410 ara

501 432 631 497 genti
653 448 913 478 nummum
929 466 942 490 ,
969 433 1058 480 nisi
1083 451 1187 491 me*

247 507 372 557 Dare
394 507 575 574 jusserit
607 508 944 554 Demaenetus.

663 619 1113 655 LEONIDA.

801 702 871 747 Ita
902 701 1055 748 facito.
1085 718 1170 766 age
1195 700 1388 751 ambula
1410 719 1534 770 ergo.

250 781 330 828 Tu
354 773 696 839 contumeliam
726 776 858 821 alteri
887 773 1021 822 facias
1039 809 1053 832 ‚
1074 776 1164 823 tibi
1189 793 1291 825 non
1315 779 1495 826 dicatur
1509 779 1536 825 Ρ

249 856 375 903 Tam
400 869 488 918 ego
507 852 659 897 homo
679 866 786 895 sum
809 864 958 910 quam
979 860 1048 895 tu.

629 952 674 985 M
708 952 739 984 E
775 952 809 985 R
845 952 871 984 C
908 951 943 983 A
979 951 1010 982 Τ
1047 950 1079 983 Ο
1116 951 1163 985 R·

767 1023 952 1071 Scilicet
982 1021 1047 1070 ita
1065 1041 1136 1070 res
1162 1035 1241 1071 est.

664 1123 696 1156 L
732 1124 763 1157 Ε
800 1124 832 1157 ο
868 1124 902 1156 N
937 1124 958 1156 Ι
994 1124 1030 1157 D
1065 1123 1113 1155 A.

1062 1198 1270 1260 Sequere
1295 1199 1382 1246 hac
1408 1216 1531 1265 ergo.

250 1274 513 1328 Praefiscini
543 1273 637 1320 hoc
671 1288 802 1318 nunc
836 1267 1037 1317 dixerim
1054 1306 1068 1330 ,
1102 1288 1249 1318 nemo
1279 1274 1420 1319 etiam
1452 1291 1533 1320 me

506 1344 738 1393 accusavit

251 1424 425 1473 Merito
445 1437 582 1468 meo;
614 1434 777 1478 neque
812 1433 893 1464 me
925 1415 1123 1465 Athenis
1152 1429 1220 1465 est
1248 1419 1362 1466 alter
1389 1418 1536 1466 hodie

505 1493 762 1556 quisquam
777 1525 790 1550 ‚

254 1568 388 1640 Quoi
416 1566 543 1615 credi
564 1575 690 1611 recte
716 1579 868 1626 aeque
894 1573 1081 1626 putent.

616 1674 1146 1709 M-ERCATOR.

899 1745 1138 1791 Fortassis:
1166 1743 1247 1795 sed
1271 1757 1431 1793 tamen
1453 1764 1532 1795 me

254 1819 538 1881 Numquam
572 1817 718 1867 hodie
747 1817 974 1876 induces,
1008 1830 1064 1864 ut
1095 1819 1183 1864 tibi
1217 1820 1404 1867 credam
1439 1822 1532 1868 hoc

505 1903 753 1956 argentum
781 1892 960 1957 ignoto.
1104 1953 1107 1955 -

253 1964 420 2029 Lupus
462 1976 530 2012 est
566 1966 715 2010 homo
760 1965 971 2022 homini,
1013 1981 1115 2012 non
1156 1967 1338 2028 homo,
1378 1985 1531 2030 quom

507 2040 657 2104 qualis
683 2039 740 2084 sit
768 2056 869 2085 non
894 2040 1044 2087 novit.

584 2135 1101 2190 'LEONIDA.

249 2225 356 2289 Jam
400 2245 532 2275 nunc
574 2229 780 2276 secunda
810 2229 928 2275 mihi
962 2229 1082 2276 facis.
1123 2228 1297 2276 scibam
1339 2225 1452 2273 huic
1482 2238 1560 2274 te.

508 2303 716 2362 capitulo
742 2301 887 2347 hodie

253 2370 510 2421 Facturum
532 2377 635 2419 satis
657 2392 744 2436 pro
771 2375 952 2439 injuria.
991 2390 1286 2438 quamquam
1310 2389 1396 2439 ego
1419 2389 1526 2419 sum

507 2448 768 2494 sordidatus
786 2481 800 2505 ,
