1650 2826
0 0 35 273 Γ
147 208 278 255 ν.5α
429 186 718 238 ACTUS
766 185 866 232 IV.
914 183 1013 231 SC.
1062 182 1137 229 ΙΙ.
1338 182 1425 239 587

0 278 2 298 r

0 310 2 325 ι

529 279 1002 343 'HALISCA

148 384 292 430 Nunc
320 398 424 428 eam
447 381 551 428 volt
575 394 684 425 suae
709 375 850 423 matri
880 385 927 420 et
955 372 1101 435 patri,
1123 371 1297 433 quibus
1320 383 1429 418 nata

400 461 495 509 est,
519 448 715 495 reddere
746 447 888 492 ultro.
1223 501 1225 504 ι

146 526 220 573 Mi
244 525 422 581 homo,
442 522 633 568 obsecro
649 555 663 577 ,
691 520 796 565 alias
823 534 892 564 res
914 515 1060 582 geriS,
1088 531 1175 579 ego
1195 515 1283 560 tibi
1305 529 1430 558 meas

394 610 464 641 res
487 592 678 639 mando.
1104 640 1112 649 ι

424 678 1144 719 LAMPADISCUS.

152 759 279 804 Istuc
307 771 420 820 ago:
448 765 593 815 atque
619 753 737 798 istuc
763 750 882 797 mihi
910 748 1040 795 cibus
1073 757 1168 806 est,
1189 747 1327 809 quod
1355 747 1423 792 fa-

397 827 588 872 bulaxe:

153 899 248 947 Sed
263 900 386 946 inter
402 913 503 945 rem
521 893 751 961 agendam
778 895 913 941 istam
942 895 1081 940 herae
1102 894 1215 940 huic
1234 907 1428 954 respon-

405 971 479 1028 di,
510 968 647 1031 quod
675 967 880 1032 rogabat.

150 1046 293 1093 Nunc
319 1045 380 1091 ad
405 1057 454 1091 te
482 1043 625 1089 redeo
646 1061 656 1086 z
693 1042 730 1087 si
761 1041 883 1102 quid
908 1051 976 1086 est
1007 1057 1126 1101 opus
1143 1074 1158 1098 ,
1193 1039 1296 1095 dic,
1322 1038 1411 1082 im-

403 1133 514 1177 pera
540 1127 587 1160 et
616 1127 685 1159 tu.

155 1188 293 1258 Quid
311 1186 630 1249 quaeritabas?

572 1272 606 1305 Η
642 1270 675 1303 A
713 1269 743 1302 L
779 1270 799 1302 1
836 1269 857 1302 s
895 1271 922 1302 c
958 1268 1006 1302 A.

446 1333 518 1379 Mi
532 1334 681 1378 homo
698 1365 712 1387 ‚
733 1340 780 1375 et
806 1347 911 1375 mea
938 1329 1134 1385 mulien
1153 1340 1237 1375 vos
1259 1330 1422 1374 saluto.

418 1420 1143 1457 PHANOSTRATA.

152 1494 215 1541 Et
243 1509 330 1540 nos
362 1504 423 1539 te.
451 1492 533 1538 sed
560 1491 681 1552 quid
710 1490 977 1551 quaeritas?

570 1584 605 1616 Η
642 1583 676 1616 A
712 1584 743 1616 L
777 1583 798 1615 1
836 1582 858 1615 s
898 1583 925 1614 G
961 1582 1010 1614 A.

825 1641 1090 1704 Vestigium
1110 1642 1187 1688 hic
1209 1643 1398 1703 requiro
1411 1678 1425 1700 ,

157 1715 270 1785 Qua
290 1716 472 1780 aufugit
497 1715 731 1777 quaedam
758 1715 915 1760 nescio
940 1731 1041 1774 quo
1061 1715 1191 1760 mihi.

422 1807 1158 1842 PHANOSTRATA.

730 1878 867 1947 Quid
883 1877 967 1923 id?
986 1877 1108 1938 quid
1123 1877 1175 1922 id
1191 1894 1302 1924 nam
1321 1889 1388 1924 est
1401 1880 1424 1925 Ρ

573 1972 609 2004 11
644 1972 679 2004 A
713 1972 745 2004 L
780 1972 801 2003 1
837 1971 860 2004 s
897 1973 924 2004 c
962 1973 1011 2005 A.

157 2037 382 2085 Alienum
414 2038 551 2098 quod
582 2038 814 2084 damnum
848 2037 1030 2096 afferat,
1068 2050 1115 2084 et
1145 2056 1407 2087 maerorem

411 2110 697 2155 familiaxem.

432 2203 1138 2238 LAMPADISCUS.

157 2270 282 2318 Mala
307 2280 471 2328 merx,
499 2271 608 2316 hera
623 2306 636 2328 ‚
664 2271 777 2318 haec
809 2282 856 2317 et
886 2272 1051 2318 callida
1080 2285 1158 2319 est.

430 2354 1156 2395 PRANO'STRATA.

939 2420 1125 2468 Ecastor
1142 2422 1205 2469 ita
1222 2422 1421 2470 videtur.
