1650 2826
141 197 324 250 ·v.110
388 198 490 249 IN.
524 190 1292 247 AMPHITRUONEM.
1394 209 1423 254 9

143 307 313 364 Nunc,
336 304 397 352 de
416 302 678 351 Alcumena
698 310 754 346 ut
772 314 874 344 rem
895 297 1091 342 teneatis
1111 297 1281 344 rectius
1295 332 1311 355 ‚

146 380 400 442 Utrimque
429 388 497 424 est
526 373 717 441 gravida
731 407 747 432 ‚
772 383 820 419 et
842 372 903 417 ex
922 370 1026 418 viro
1044 403 1059 427 ,
1084 382 1133 416 et
1154 388 1215 417 ex
1235 389 1426 421 summo

267 496 274 509 .-
332 470 337 473 ·
365 450 500 509 jove.

146 526 356 577 Etmeus
376 535 509 586 pater
528 537 659 568 nunc
681 521 807 566 intus
829 519 907 565 hic
930 535 1044 566 curn
1066 519 1146 565 illa
1168 519 1337 567 cubat:

148 598 212 644 Et
232 597 344 643 haec
367 595 433 642 ob
457 611 561 641 eam
581 610 683 639 rem
704 608 806 638 nox
827 602 895 636 est
916 590 1035 637 facta
1057 593 1268 657 longior,

148 667 283 716 Dum
312 668 391 714 ille
407 702 421 724 ‚
446 682 655 728 quacum
676 665 807 721 volt,
832 664 1131 725 voluptatem
1161 666 1300 726 capit.

149 737 245 785 Sed
266 739 331 784 ita
351 737 633 784 assimulavit
661 753 731 792 se,
761 735 894 796 quasi
915 734 1204 796 Amphitruo
1233 736 1332 782 siet.

147 811 292 858 Nunc
315 827 377 856 ne
408 811 539 856 hunc
563 820 785 855 ornatum
806 824 891 853 vos
912 823 1077 853 meum
1101 807 1398 854 admiremini
1412 842 1430 866 ,

151 884 304 954 Quod
325 901 413 948 ego
436 885 531 930 huc
553 882 751 945 processi
768 881 830 927 sic
850 897 962 926 cum
980 880 1132 927 servili
1153 882 1365 939 schema,

148 956 374 1008 ,Veterem
391 968 538 1018 atque
560 955 806 1016 antiquam
825 970 927 999 rem
943 969 1120 1000 novam
1137 954 1198 999 ad
1219 971 1303 1001 vos
1324 972 1432 1016 pro-

408 1029 553 1074 feram
572 1048 582 1073 ε

153 1101 404 1162 Propterea
426 1112 615 1147 ornatus
638 1101 688 1146 in
710 1117 894 1147 novom
915 1100 1078 1146 incessi
1098 1100 1317 1147 modum.

151 1174 275 1220 Nam
290 1191 423 1222 meus
437 1187 568 1237 pater
585 1175 710 1221 intus
727 1191 857 1221 nunc
875 1186 963 1231 est,
982 1191 1173 1238 eccum2
1186 1175 1430 1236 Juppiter:

152 1245 214 1291 In
234 1245 593 1309 Amphitruonis
614 1248 759 1294 vortit
779 1263 873 1292 sese
895 1247 1174 1311 imaginem,

156 1318 437 1381 Omnesque
459 1337 571 1366 eum
594 1337 686 1365 esse
708 1331 899 1366 censent
920 1320 1058 1376 servi,
1080 1320 1167 1380 qui
1188 1318 1355 1366 vident
1374 1338 1384 1364 ε

157 1390 231 1436 Ita
250 1391 543 1452 versipellem
565 1407 611 1436 se
634 1391 742 1437 facit
759 1426 773 1448 ‚
798 1391 994 1452 quando
1017 1390 1167 1436 lubet.

160 1462 262 1525 Ego
285 1463 402 1508 servi
430 1464 571 1508 sumsi
600 1463 765 1508 Sosiae·
778 1463 898 1509 mihi
927 1463 1208 1526 imaginem,

159 1533 263 1600 Qui
285 1549 397 1579 cum
414 1533 763 1595 Amphitruone
786 1535 900 1580 abiit
921 1536 1031 1581 hinc
1054 1537 1104 1580 in
1128 1536 1411 1581 exercitum:

160 1603 227 1648 Ut
246 1605 523 1664 praeservire
545 1606 721 1650 amanti
742 1622 852 1651 meo
874 1623 1058 1667 possem
1079 1608 1199 1668 patri
1218 1627 1228 1651 ι

161 1673 325 1735 Atque
346 1686 402 1721 ut
423 1692 509 1733 ne,
534 1677 620 1737 qui
642 1694 786 1723 essem
798 1713 813 1735 ,
834 1677 1074 1725 familiares
1097 1692 1374 1740 quaererent
1388 1714 1406 1738 ‚

161 1745 342 1792 Versari
363 1747 525 1794 crebro
545 1749 621 1795 hic
645 1766 798 1810 quom
819 1751 1034 1798 viderent
1052 1769 1131 1799 me
1153 1753 1298 1799 domi.

160 1817 303 1865 Nunc
321 1835 475 1880 quom
497 1837 589 1867 esse
618 1823 812 1869 credent
838 1840 1048 1882 servom,
1080 1836 1127 1870 et
1158 1841 1436 1873 conservom

413 1911 554 1941 suum
568 1930 583 1953 ,

160 1965 306 2011 Haud
328 1968 580 2028 quisquam
600 1981 792 2030 quaeret
805 2005 819 2028 ‚
844 1971 931 2031 qui
948 1971 1088 2029 siem,
1108 1983 1191 2018 aut
1213 1972 1334 2033 quid
1355 1988 1438 2017 ve-

415 2054 578 2084 nerim.

163 2108 298 2154 Pater
317 2125 447 2155 nunc
470 2111 595 2156 intus
616 2128 701 2156 suo
724 2112 883 2157 animo
905 2129 1090 2158 morem
1111 2114 1258 2177 gerit:

166 2181 322 2228 Cubat
344 2185 628 2244 conplexus,
659 2186 831 2248 quojus
863 2185 1309 2245 cupiens-maxume
1338 2188 1403 2232 ’st.

164 2253 302 2323 Quae
324 2255 391 2300 illi
412 2255 472 2300 ad
493 2256 730 2320 legionem
752 2256 871 2302 facta
892 2268 1023 2315 sunt,
1045 2270 1278 2304 memorat
1299 2270 1434 2320 pater

162 2325 300 2373 Meus
320 2327 621 2375 Alcumenae.
650 2341 696 2375 at
718 2330 796 2375 illa
817 2331 955 2376 illum
978 2344 1132 2379 censet
1153 2333 1311 2379 virum

166 2396 318 2446 Suum
337 2417 429 2448 esse
443 2435 457 2457 ‚
478 2417 600 2461 quae
617 2418 730 2449 cum
751 2403 955 2450 moecho
975 2404 1042 2451 ’st.
1064 2405 1133 2452 ibi
1151 2422 1282 2452 nunc
1305 2422 1439 2451 meus

367 2492 378 2499 „
420 2483 551 2534 pater
