1650 2826
248 227 309 269 70
535 205 1195 254 AMPHITRUO.
1373 209 1532 257 mss

581 323 1181 360 AMPHITRUO.

245 399 373 446 Tun’
405 414 599 446 mecum
631 397 810 444 fueris?
850 397 970 458 quid
1005 398 1110 444 illac
1145 395 1415 460 inpudente
1447 414 1535 444 au·-

507 473 699 520 dacius?

248 545 424 593 Saltem
454 556 586 603 tute,
614 545 650 590 si
674 544 869 608 pudoris
901 561 1055 609 egeas,
1076 559 1229 590 sumas
1254 554 1500 591 mutuum.

634 653 1170 688 ALCUMENA.

247 732 375 778 Istuc
402 731 579 777 facinus
595 764 609 788 ‚
638 732 776 792 quod
797 743 856 778 tu
884 733 1152 790 insimulas,
1185 744 1346 781 nostro
1373 736 1535 799 generi

508 819 610 848 non
644 803 794 850 decet.

251 877 334 922 Tu
364 877 400 921 si
421 893 500 922 me
529 878 838 939 inpudicitiae
869 888 1047 940 captas,
1074 893 1176 924 non
1200 887 1338 940 potes
1359 895 1538 942 capere.

596 979 631 1012 A
667 979 710 1012 M
747 981 776 1014 P
813 981 847 1014 H
883 980 903 1012 Ι
942 981 972 1013 Τ
1009 982 1041 1014 R
1078 980 1114 1012 U
1149 980 1197 1013 Ο.

253 1061 345 1108 Pro
374 1060 457 1107 Dii
488 1062 788 1107 inmortales!
829 1062 1098 1126 >cognoscin’
1125 1072 1182 1108 tu
1222 1077 1302 1110 me
1338 1063 1505 1109 saltem
1522 1095 1538 1119 ‚

510 1135 673 1182 Sosia?

763 1230 795 1287 s¹
823 1232 855 1264 ο
893 1231 916 1265 s
951 1232 973 1264 1
1007 1231 1057 1265 A.

256 1286 632 1349 Propemodum.

599 1398 635 1431 A
670 1399 713 1431 M
751 1399 779 1431 P
816 1399 850 1432 Η
886 1399 907 1432 r
944 1400 975 1432 Τ
1010 1401 1043 1434 R
1081 1399 1117 1433 U
1152 1401 1200 1434 ο.

406 1465 660 1519 Coenavin’
679 1488 766 1536 ego
781 1472 888 1531 ,heri
904 1472 954 1518 in
974 1473 1083 1520 navi
1097 1474 1148 1519 in
1162 1484 1309 1536 portu
1324 1474 1506 1524 Persico
1519 1478 1542 1522 ἱ)

631 1575 667 1607 A
705 1575 736 1608 L
773 1575 800 1606 c
839 1574 874 1607 U
911 1574 953 1607 M
989 1577 1020 1609 Ε
1057 1577 1090 1610 Ν
1127 1577 1176 1609 A.

258 1648 381 1694 Mihi
408 1665 609 1710 quoque
637 1660 795 1695 assunt
824 1660 961 1695 testes
976 1684 990 1707 ,
1012 1652 1099 1712 qui
1115 1650 1267 1709 illud,
1291 1647 1429 1711 quod
1457 1662 1547 1711 ego

515 1723 670 1769 dicam
685 1756 699 1779 ‚
735 1722 996 1768 assentiant.

761 1830 784 1864 S
822 1831 854 1863 O
892 1831 914 1864 S
951 1831 972 1863 1
1006 1830 1056 1864 A.

258 1902 428 1949 Nescio
455 1901 577 1964 quid
594 1902 711 1949 istuc
727 1904 892 1968 negoti
909 1903 1090 1960 dicam,
1112 1902 1200 1948 nisi
1225 1901 1461 1963 quispiam
1478 1901 1535 1947 ’st

259 1973 551 2037 Amphitruo
578 1975 692 2021 alius
708 2011 721 2033 ,
741 1977 827 2037 qui
854 1976 975 2022 forte
994 1987 1041 2021 te
1069 1975 1147 2022 hic
1170 1975 1361 2021 absente
1386 1985 1548 2019 tamen

259 2047 421 2094 Tuam
434 2064 537 2094 rem
560 2044 692 2095 cuiet
708 2083 720 2105 ,
737 2060 885 2109 teque
903 2049 1094 2095 absente
1107 2082 1121 2106 ,
1146 2047 1223 2093 hic
1241 2062 1418 2092 munus
1436 2044 1548 2092 fun-

518 2133 654 2186 gatur
683 2134 853 2169 tuum:

258 2190 484 2252 Namque
502 2194 563 2239 de
580 2194 663 2240 illo
680 2195 923 2242 subditivo
943 2194 1068 2242 Sosia
1081 2195 1260 2241 mirum
1274 2193 1414 2240 nimis
1429 2204 1509 2239 est.

260 2263 400 2310 Certe
420 2265 479 2311 de
504 2266 620 2313 istoc
643 2266 997 2349 Amphitruone
1014 2271 1117 2333 jam
1141 2269 1342 2315 alterum
1367 2266 1545 2313 mirum

516 2339 572 2384 ’st
601 2341 760 2405 magis.

262 2406 430 2455 Nescio
469 2409 574 2472 quis
603 2413 920 2479 praestigiator
946 2413 1067 2461 hanc
1099 2412 1342 2459 frustratur
1377 2409 1548 2456 mulie-

517 2501 631 2532 rem.
