1650 2826
249 172 342 231 305
572 166 1199 215 BACCHIDES.
1406 147 1590 231 v.14i

608 283 1178 320 NICOBULUS.

707 359 867 404 Euax!
894 358 1116 418 aspersisti
1143 373 1330 419 aquam.

245 427 435 479 Benene
460 446 612 493 usque
641 430 826 477 valuit?
1160 426 1162 428 ’

591 523 618 556 C
655 523 689 557 H
725 524 758 557 R
793 522 828 554 Y
864 521 885 554 S
924 521 958 553 A
994 522 1023 554 1.
1061 522 1097 555 U
1134 522 1173 556 S.

588 652 591 655 Ι
795 593 1059 639 Pancratice
1091 604 1236 654 atque
1268 594 1497 640 athletice.

598 689 633 723 N
668 689 688 722 Ι
724 689 751 721 c
788 689 819 722 ο
857 689 885 721 Β
923 686 958 720 U
993 689 1023 721 L
1060 689 1093 721 U
1132 688 1169 721 s.

241 761 380 832 Quid
411 760 541 807 hoc?
586 775 683 820 qua
712 774 866 804 caussa
905 773 1018 804 eum
1051 756 1162 803 hinc
1186 758 1249 803 ›in
1281 758 1522 819 Ephesum

499 850 743 890 miseram,

244 909 505 973 Accepitne
527 925 698 956 aurum
729 908 788 954 ab
816 907 1000 968 hospite
1027 905 1363 952 Archidemide
1384 905 1406 950 ?

593 1002 1170 1041 CHRYSALUS.

167 1140 169 1142 ,
244 1085 359 1133 Heu
377 1101 456 1131 cor
473 1098 642 1128 meum
661 1091 709 1126 et
723 1077 970 1125 cerebrum
983 1110 995 1133 ‚
1017 1074 1255 1121 Nicobule
1267 1108 1281 1131 ‚
1302 1073 1521 1132 finditur,

244 1161 381 1207 Istius
404 1157 610 1204 hominis
636 1155 725 1200 ubi
759 1153 814 1198 fit
841 1166 1034 1212 quaque
1066 1150 1263 1195 mentio.
1326 1186 1329 1188 .

243 1233 371 1280 Tun’
387 1229 627 1291 hospitem
648 1227 787 1272 illum
809 1222 1025 1269 nominas
1050 1221 1238 1268 hostem
1265 1222 1443 1268 tuum?

598 1324 1169 1362 NICOBULUS.
1461 1330 1479 1351 ο

243 1405 383 1475 Quid
405 1405 468 1449 ita
484 1437 497 1461 ,
523 1401 744 1457 obsecro,
771 1398 966 1445 hercle?
1035 1423 1038 1427 Δ

602 1504 628 1535 C
660 1502 701 1538 Η
736 1502 769 1535 R
805 1501 838 1533 Y
877 1499 913 1533 S·
937 1499 971 1532 A
1006 1499 1035 1532 L
1074 1499 1109 1532 U
1145 1498 1183 1533 S.

902 1568 1032 1639 Quia
1056 1567 1229 1630 edepol
1251 1577 1374 1614 certe
1395 1567 1488 1613 scio
1506 1601 1519 1624 ,

214 1652 217 1655 ⁴
242 1644 480 1692 Volcanus
501 1678 514 1702 ,
548 1643 658 1702 Sol,
687 1644 851 1700 Luna,
885 1643 1025 1699 Dies,
1053 1641 1146 1688 Dei
1173 1652 1405 1702 quatuor,

244 1719 568 1766 Scelestiorem
601 1719 796 1764 nullum
819 1717 1036 1763 inluxere
1063 1716 1277 1761 alterum.

593 1819 627 1852 Ν
662 1818 684 1851 1
720 1818 746 1850 c
785 1817 817 1851 o
852 1817 881 1849 Β
917 1817 954 1849 U
989 1817 1019 1849 1,
1055 1815 1091 1848 U
1127 1816 1166 1850 s.

242 1891 469 1963 Quamne
498 1889 935 1953 Axchidemidemff

586 1992 617 2025 c
654 1992 687 2024 Η
724 1991 757 2023 R
793 1990 826 2022 Y
864 1987 886 2022 s
924 1987 957 2020 A
995 1987 1024 2020 L
1060 1986 1095 2019 U
1134 1985 1172 2020 s.

646 2066 808 2136 Quam
825 2098 838 2121 ‚
862 2063 1060 2124 inquam
1076 2097 1090 2120 ,
1117 2061 1512 2109 Archidemidem.

588 2159 623 2193 N
660 2160 680 2192 I
718 2161 744 2192 C
781 2159 813 2192 Ο
851 2158 879 2190 Β
917 2158 949 2191 U
986 2158 1015 2190 L
1053 2158 1088 2190 U
1127 2157 1165 2194 S.

242 2219 379 2288 Quid
408 2220 549 2266 fecit?

587 2306 613 2338 C
651 2305 685 2338 H
722 2305 755 2338 R
790 2305 823 2336 Y
861 2304 887 2337 S'
919 2305 953 2338 A
987 2304 1017 2337 L
1053 2304 1088 2336 U
1125 2297 1163 2335 S.

469 2376 605 2443 Quid
628 2394 727 2422 non
752 2376 899 2421 fecit?
927 2375 1046 2435 quin
1079 2386 1131 2419 tu
1161 2372 1211 2417 id
1240 2389 1317 2418 me
1344 2388 1472 2437 togas
1489 2373 1512 2418 Ξ)

240 2445 454 2493 Primum
478 2446 595 2492 dum
621 2449 787 2494 infitias
813 2449 878 2493 ire
905 2447 1061 2507 coepit
1088 2445 1210 2491 filio:

1640 2075 1650 2123 -112-
1639 2059 1643 2062 ’
1638 1909 1650 2050 ,εῗῑΩ-ιαὺυε
1642 1866 1650 1899 ⁴⁴..
1644 1830 1649 1835 ο
1647 1780 1650 1786 .
1646 1741 1650 1754 μ
