1650 2826
270 193 361 236 240
552 172 1252 222 *AULULARIA
1414 192 1540 241 v23Q

269 283 468 341 Videas,
489 298 635 345 quam
657 283 783 328 ruri
768 315 782 340 ,
803 281 998 343 quando
1026 282 1087 328 ad
1105 283 1266 330 villam
1287 286 1478 333 veneris.

264 358 366 404 Sed
406 358 498 404 hoc
536 356 677 402 etiam
714 356 1012 418 pulchrum’
1016 367 1085 415 st,
1118 373 1229 418 prae
1266 356 1414 419 quam
1445 359 1530 409 ubi

521 439 702 475 sumtus
738 440 925 490 petunt.

270 504 373 551 Stat
397 502 547 560 fullo,
571 501 804 566 phrygio,
828 500 1036 558 aurifex,
1062 502 1287 550 lanarius·

274 577 523 637 Caupones
555 573 791 637 patagiarii
810 604 824 630 ,
849 573 1087 619 indusiarii
1100 609 1115 631 ‚

271 648 568 696 Flammearii
581 681 594 703 ,
622 645 802 693 violarii
817 680 831 702 ‚
859 645 1066 692 carinarii
1086 680 1100 703 ‚

273 725 375 772 Aut
402 719 678 767 manulearii
693 752 707 778 ,
736 729 818 764 aut
843 719 1240 778 murobrecharii,

276 796 507 857 Propolae
527 828 541 850 ‚
573 793 805 838 linteones
826 825 840 849 ‚
870 791 1125 837 calceolarii
1142 826 1157 849 ‚

276 866 540 916 Sedentarii
573 875 749 910 sutores
763 899 775 921 ‚
808 863 1102 909 diabathrarii
1119 898 1133 921 ‚
1188 890 1195 901 ι

277 937 470 987 Solearii
494 945 642 982 astant
657 968 671 990 ,
703 944 851 979 astant
886 933 1214 979 molochinarii
1233 967 1248 992 ‚

279 1008 554 1072 Strophiarii
582 1017 731 1053 astant
745 1040 760 1063 2
784 1017 932 1052 astant
955 1007 1255 1052 semizonarii.

274 1085 383 1145 jam
411 1083 550 1127 hosce
577 1079 817 1125 absolutos
847 1096 1053 1126 censeas:
1080 1080 1288 1138 cedunt,
1313 1090 1494 1142 petunt

277 1158 507 1204 Textores
520 1188 533 1211 ‚
561 1153 816 1199 limborarii
830 1187 846 1211 ,
878 1153 1087 1199 arcularii
1104 1173 1113 1198 :

281 1230 460 1277 Petunt
490 1227 719 1283 fullones,
747 1224 1042 1272 sarcinatores
1069 1234 1257 1288 petunt.

284 1304 546 1350 Ducuntur
562 1334 576 1357 ‚
608 1299 744 1344 datur
775 1315 859 1344 aes.
893 1299 1034 1344 hosce
1066 1299 1304 1347 absolutos
1334 1316 1540 1360 censeam,

284 1375 486 1424 Treceni
515 1389 669 1434 quom
701 1383 822 1417 stant
846 1372 1130 1434 phylacistae
1159 1374 1211 1420 in
1239 1376 1386 1434 atriis,

287 1453 458 1520 Quom
497 1447 727 1493 incedunt
754 1446 1001 1492 infectores
1032 1449 1350 1497 crocotularii;

290 1523 392 1570 Aut
416 1521 574 1584 aliqua
607 1520 729 1567 mala
756 1534 872 1565 crux
899 1533 1083 1580 semper
1111 1531 1203 1578 est,
1234 1536 1356 1582 quae
1381 1521 1564 1583 aliquid

540 1602 683 1655 petat.

743 1676 774 1710 E
809 1676 845 1710 U
881 1678 908 1710 C
945 1675 976 1708 L
1013 1675 1034 1707 1
1071 1675 1119 1709 Ο.

293 1761 627 1822 Conpellarem
653 1775 740 1824 ego
763 1759 899 1804 illum
913 1776 933 1815 ,·
949 1758 1002 1802 ni
1027 1769 1240 1804 metuam
1267 1772 1329 1806 ne
1356 1759 1532 1807 desinat

291 1835 554 1880 Memorare
581 1849 735 1878 mores
768 1832 1057 1877 mulierum:
1088 1848 1219 1878 nunc
1249 1833 1311 1879 sic
1340 1832 1497 1880 sinam.

602 1930 1208 1966 MEGADORUS.

295 2008 391 2055 Ubi
419 2008 703 2072 nugigerulis
731 2024 800 2054 res
831 2008 983 2054 soluta
1008 2007 1062 2054 ’st
1093 2008 1345 2066 omnibu3‚

297 2082 373 2127 Ibi
403 2082 464 2127 ad
498 2092 794 2143 postremum
828 2080 954 2127 cedit
983 2081 1114 2127 miles
1131 2115 1145 2138 ,
1175 2098 1247 2126 aes
1271 2080 1404 2143 petit.

296 2156 432 2224 Itur,
468 2166 663 2217 putatur
691 2154 807 2200 ratio
838 2171 951 2200 cum
979 2153 1249 2218 argentario.

297 2229 548 2289 Inpransus
580 2230 713 2275 miles
744 2240 883 2285 astat,
915 2244 987 2273 aes
1014 2236 1170 2272 censet
1202 2224 1310 2270 dari.

272 2299 395 2357 *Ubi
426 2301 658 2361 disputata
677 2303 729 2347 'st
755 2301 871 2346 ratio
899 2315 1010 2346 cum
1037 2297 1318 2362 argentario,

297 2373 454 2420 Etiam
475 2376 581 2433 plus
607 2375 730 2435 ipsus
762 2377 887 2420 ultro
919 2374 1060 2419 debet
1089 2368 1355 2433 argentario.

302 2445 414 2508 Spes
443 2460 720 2511 prorogatur
749 2449 887 2495 militi
917 2449 968 2494 in
997 2446 1142 2492 alium
1168 2442 1307 2488 diem·

1636 2574 1650 2826 *mmm—*adas
1643 2507 1650 2566 ..a-..-
1642 2458 1650 2494 -ιἼ
1647 2437 1650 2444 ,
1646 2411 1650 2426 ,Α
1644 2358 1646 2360 -
1648 2334 1650 2339 .
