1650 2826
245 200 340 260 380
534 190 1164 242 BACCHIDES.
1392 192 1526 252 v.48

245 300 387 372 Quid
419 300 590 348 nunc?
623 299 765 344 etiam
801 299 993 345 redditis
1027 300 1166 346 nobis
1200 299 1319 346 filios
1353 309 1400 345 et
1433 315 1522 344 ser-

495 373 646 420 vom?
670 389 729 418 an
758 389 845 437 ego

245 445 473 508 Experior
496 456 661 491 tecum
691 443 740 490 vi
766 441 979 506 majore?

569 544 598 577 P
634 543 669 576 H
703 543 724 576 I
758 542 789 576 L
827 542 858 576 O
895 542 931 576 X
966 540 996 574 E
1033 540 1066 575 N
1106 540 1142 573 U
1178 539 1215 572 S.

1038 608 1178 656 Abin'
1213 608 1323 654 hinc
1341 607 1363 652 ?

244 688 358 735 Non
384 688 535 735 homo
569 696 625 732 tu
652 685 851 747 quidem
886 702 958 742 es»,
990 685 1077 746 qui
1105 685 1220 730 istoc
1247 694 1387 746 pacto
1424 693 1523 732 tam

495 761 703 823 lepidam
732 760 942 822 inlepide
966 761 1184 822 appelles,

228 906 232 910 ᾗ
615 856 644 889 Β
681 855 715 888 Α
751 854 778 887 C
814 855 840 887 C
878 851 911 888 H
947 855 967 887 1
1010 853 1033 887 S
1101 855 1136 887 1.
1231 824 1238 829 ‘

246 924 404 972 Senex
438 935 667 986 optume,
703 934 943 984 quantum
969 924 1023 970 ’st
1052 923 1104 969 in
1126 934 1274 980 terra,
1300 923 1398 969 sine
1429 924 1521 969 hoc

502 1012 690 1042 exorare
715 995 795 1040 abs
824 1006 871 1040 te
891 1030 905 1051 ‚

242 1065 308 1115 Ut
333 1068 451 1115 istuc
481 1067 711 1113 delictum
740 1066 924 1113 desistas
945 1077 1081 1114 tanto
1113 1083 1256 1130 opere
1272 1067 1338 1113 ire
1364 1084 1520 1130 oppu-

491 1151 703 1204 gnatum.

591 1235 624 1266 N
663 1234 682 1266 1
719 1234 746 1266 C
783 1233 815 1266 Ο
852 1232 880 1265 Β
918 1232 953 1264 U
989 1232 1020 1266 L
1056 1231 1091 1264 U
1128 1232 1166 1266 S.

241 1303 341 1350 Nisi
371 1303 531 1359 abeaS‚
567 1317 865 1362 quamquam
891 1311 947 1346 tu
979 1299 1104 1346 bella
1130 1317 1175 1347 es
1191 1335 1205 1359 ,
1228 1301 1410 1348 malum
1429 1301 1519 1348 tibi

491 1392 722 1441 magnum
750 1374 874 1421 dabo
904 1376 1011 1438 jam.

612 1469 642 1501 B
677 1468 712 1503 A
750 1469 776 1502 C
814 1469 840 1502 C
877 1469 912 1503 H
946 1470 967 1503 I
1004 1468 1028 1502 S
1094 1468 1130 1501 I.

1357 1519 1519 1574 Patiar.

238 1591 353 1640 Non
370 1601 538 1640 metuo
551 1626 564 1650 ,
583 1608 645 1638 ne
665 1592 785 1654 quid
804 1592 925 1639 mihi
945 1592 1102 1638 doleat
1115 1626 1128 1649 ‚
1154 1588 1291 1652 quod
1309 1589 1450 1635 ferias.

579 1683 613 1716 N
647 1683 667 1715 1
706 1683 732 1716 c
772 1683 803 1717 o
843 1684 870 1717 Β
909 1682 944 1717 U
978 1682 1009 1717 L
1047 1682 1081 1716 U
1119 1683 1156 1716 s.

1008 1752 1074 1799 Ut
1097 1749 1407 1812 blandiloqua
1428 1749 1517 1796 est!

238 1825 333 1872 Hei
359 1824 502 1882 mihi,
524 1824 715 1871 metuo!

606 1917 635 1950 Β
671 1918 706 1951 A
741 1918 768 1951 c
804 1917 830 1951 c
867 1918 918 1951 H*
937 1918 956 1950 1
994 1917 1016 1951 s
1084 1919 1106 1952 1
1126 1919 1161 1952 1.

880 1986 973 2033 Hic
1000 1988 1143 2051 magis
1168 1987 1427 2049 tranquilla
1445 1986 1510 2030 ’st.

236 2063 289 2120 Ι,
314 2062 329 2108 i
360 2062 447 2108 hac
471 2077 666 2108 mecum
699 2061 830 2106 ,intro
858 2060 1046 2122 :'atque
1077 2061 1174 2121 ibi,
1207 2062 1244 2108 si
1277 2059 1395 2123 quid
1415 2058 1511 2116 vis,

488 2135 641 2181 filium
669 2133 998 2198 concastigato.

333 2274 343 2285 κ
591 2228 623 2260 Ν
659 2228 679 2260 1
715 2228 741 2260 c
780 2227 812 2260 o
850 2227 879 2259 Β
917 2226 951 2259 U
985 2227 1017 2260 L
1054 2226 1090 2260 U
1125 2225 1164 2259 s.

235 2291 374 2340 Abin’
394 2311 420 2340 a
440 2312 519 2343 me
533 2330 547 2354 ,
576 2296 758 2342 scelus?

589 2389 617 2420 Β
653 2389 687 2422 A
724 2389 750 2422 c
774 2390 814 2422 .c
850 2389 884 2423 Η
919 2389 942 2423 1
977 2386 1000 2422 s
1075 2388 1110 2421 1.

536 2453 645 2500 Sine
661 2489 674 2512 ,
694 2473 799 2502 mea
814 2457 959 2518 pietas
972 2490 986 2514 2
1007 2470 1210 2501 exorem.
