1650 2826
205 177 298 221 334
527 111 1163 211 BACCHIDEE.
1390 167 1485 214 v.8

201 268 287 314 Pax
320 266 465 331 magis
497 282 576 312 me
609 267 788 331 juvare.
840 269 1063 316 omnibus
1096 270 1309 332 probri5‚
1347 288 1500 334 quae-

456 338 666 400 inprobis
690 339 799 385 viris

204 413 362 477 Digna
397 420 542 528 suntsi
571 400 759 477 dignior
793 413 934 459 nullu
951 413 1006 459 ‘st
1036 414 1218 461 homo:
1253 417 1340 477 qui
1365 418 1488 479 patri

457 500 506 529 re
544 483 643 528 didi

205 559 368 604 Omne
387 574 558 605 aurum
575 572 733 603 amans
746 592 760 615 ,
777 556 913 619 quod
930 557 1021 605 fuit
1037 577 1148 621 prae
1169 578 1331 608 manu.
1361 579 1489 610 sum-

456 647 518 676 ne
539 647 625 694 ego
646 631 797 676 homo
815 631 974 677 miser!

204 703 396 752 Perdidi
424 718 503 748 me
520 737 534 760 ,
563 713 710 762 atque
744 717 938 762 operam
965 701 1186 764 Chrysali.
1224 736 1228 741 -

506 804 1208 840 PISTOCLERUS.

209 872 538 925 Consolandus
562 871 638 918 hic
661 873 782 918 mihi
800 884 879 918 est.
907 873 990 920 ibo
1013 874 1074 920 ad
1098 892 1223 924 eum.
1261 877 1488 924 Mnesilo-

462 949 549 994 che
565 982 578 1005 ‚
604 947 726 1008 quid
754 947 844 993 fit?

501 1041 1214 1079 MNESILOCHUS.

1334 1107 1482 1154 Perii!

496 1187 1196 1222 PISTOCLERUS.

186 1290 190 1293 κ
215 1261 296 1308 Dii
313 1259 481 1307 melius
505 1256 689 1305 faciant.

490 1344 1203 1386 MNESILOCHUS.

668 1418 789 1464 Perii
810 1419 819 1463 !

502 1510 1200 1549 PISTOCLERUS.

780 1580 893 1626 Non
912 1591 1034 1626 taces
1048 1615 1061 1637 ,
1079 1580 1299 1642 insipiens
1312 1580 1336 1627 Ρ

490 1680 1205 1717 MNESILOCHUS.

1256 1741 1499 1789 Taceam?

511 1826 1208 1861 PISTOCLERUS.

220 1901 367 1950 Sanus
390 1900 494 1946 satis
516 1914 617 1945 non
642 1915 699 1944 es.

498 1990 1208 2026 MNESILOCHUS.

625 2059 768 2106 Perii!
794 2059 946 2105 multa
964 2059 1085 2104 mala
1105 2057 1223 2104 mihi
1240 2057 1289 2102 in
1306 2065 1496 2118 pectore

221 2136 364 2182 Nunc
387 2133 505 2181 acria
523 2145 670 2194 atque
698 2131 860 2178 acerba
883 2132 1125 2178 eveniunt.
1160 2128 1386 2177 criminin’
1414 2143 1494 2172 me

474 2205 688 2251 habuisse
714 2203 894 2250 fidem?

220 2279 451 2325 Inmerito
472 2279 560 2324 tibi
588 2277 727 2322 iratus
752 2275 835 2321 fui.

518 2365 1211 2407 PISTocLERUS.

803 2436 886 2484 Eia
908 2435 1096 2482 bonum
1120 2433 1242 2481 habe
1268 2433 1494 2481 animum.
