1650 2826
283 214 370 260 140
530 235 534 237 μ
645 196 1179 245 ASINARIA.
1415 219 1549 264 v‚34

684 320 715 352 L
750 321 780 353 E
817 321 848 354 ο
886 322 920 354 Ν
957 321 976 352 1
1012 322 1046 354 Ι)
1083 322 1133 355 A.

276 405 462 453 Scibam
488 421 575 470 ego
603 417 650 452 te
677 407 850 453 nescire
870 426 878 451 ε
901 419 947 453 at
963 410 1047 470 pol
1068 426 1156 473 ego
1170 444 1183 467 ,
1204 410 1289 472 qui
1309 422 1355 456 te
1375 427 1553 473 expen«

144 505 155 533 ,
527 479 577 524 di
599 514 612 536 ‚
654 480 762 525 scio.

269 552 443 601 Nudus
470 552 656 599 vinetus
689 563 885 598 centum
913 553 1083 614 pondo
1112 571 1158 601 es
1179 590 1191 612 ‚
1214 556 1411 618 quando
1437 571 1554 618 pen·-

531 628 612 673 des
641 644 726 689 per
751 628 908 689 pedes.

694 728 1133 764 LIBANUS.

273 803 391 873 Quo
414 791 702 868 *argumento
730 804 847 850 istuc
864 805 886 848 Ρ

696 903 725 935 L
760 903 789 935 Ε
827 903 859 935 o
897 904 930 936 N
968 905 988 937 1
1024 906 1058 938 D
1095 905 1143 938 A.

466 964 567 1039 E‘go
586 975 738 1021 dicam
752 1010 764 1032 ,
786 991 887 1036 quo
906 991 1186 1042 argumento
1208 991 1254 1026 et
1270 997 1370 1042 quo
1389 980 1553 1028 modo.

276 1044 355 1092 Ad
389 1047 532 1108 pedes
563 1049 759 1109 quando
793 1049 1004 1113 alligatus
1042 1070 1119 1110 es,
1150 1070 1359 1114 aequom
1394 1065 1558 1100 centu-

525 1123 765 1185 pondium
785 1157 798 1179 ,

256 1192 370 1245 ¹Ubi
402 1210 571 1240 manus
602 1194 813 1240 manicae
842 1194 1101 1254 conplexae
1129 1203 1267 1250 sunt,
1298 1203 1443 1254 atque
1463 1193 1557 1252 *ad-⁴

533 1268 702 1314 ductae
738 1267 799 1313 ad
833 1268 1018 1314 trabem
1037 1302 1052 1324 ,
1363 1261 1367 1264 ’

273 1342 375 1393 Nec
413 1342 641 1405 dependis
659 1378 672 1401 ,
707 1359 795 1390 nec
827 1342 1110 1406 propenens,
1144 1341 1265 1404 quin
1293 1341 1444 1395 malus
1472 1357 1555 1389 ne—

533 1432 779 1477 quamque
807 1432 874 1460 sls.

694 1515 726 1556 L
763 1516 783 1549 I
819 1515 846 1546 B
883 1513 918 1546 A
953 1513 987 1553 N
1026 1512 1061 1546 U
1097 1513 1137 1547 S.

274 1564 374 1613 Vae
400 1566 488 1613 tibi
509 1568 528 1612 ἴ

681 1652 712 1685 Ι,
747 1652 777 1684 E
814 1653 847 1685 Ο
885 1653 917 1686 Ν
955 1651 975 1683 I
1013 1653 1048 1685 D
1083 1651 1132 1684 A.

531 1728 641 1773 Hoc
663 1737 947 1773 testamento
977 1726 1182 1772 Servitus
1213 1727 1337 1790 legat
1365 1725 1468 1772 tibi.

695 1826 1133 1860 LIBANUS.

273 1902 439 1951 Verbis
467 1903 793 1950 velitationem
828 1903 927 1950 fieri
962 1902 1203 1964 conpendi
1231 1903 1358 1949 volo.

275 1975 414 2047 Quid
446 1975 564 2023 istuc
597 1976 762 2042 negoti
785 1975 874 2021 'sti'

685 2078 716 2113 L
753 2077 782 2110 E
820 2077 851 2110 Ο
888 2077 922 2109 N
957 2076 977 2109 I
1013 2078 1049 2110 D
1085 2076 1132 2109 A.

708 2166 712 2167 ⁷
764 2148 963 2195 Certum
981 2150 1035 2195 ’st
1063 2148 1282 2201 caedere?

698 2247 731 2282 Ι,
765 2250 786 2282 1
821 2250 850 2282 Β
885 2248 920 2281 Α
955 2251 989 2283 N
1026 2249 1061 2282 U
1096 2249 1135 2281 s.

502 2326 563 2376 ο
1165 2322 1400 2369 Audacter
1429 2322 1557 2370 licet.

688 2417 719 2451 L
755 2418 785 2452 E
820 2420 854 2453 Ο
889 2419 924 2451 N
956 2418 980 2451 Ι
1016 2419 1051 2452 D
1086 2416 1134 2451 A.

279 2489 352 2539 Sis
388 2492 847 2540 amanti'suhvenire
883 2492 1095 2538 familiari
1129 2493 1227 2538 filio
1247 2528 1261 2551 ,
