1650 2826
251 211 347 257 5¹4
694 184 1094 241 CASINA.
1404 214 1531 261 v.94

253 303 417 366 Atque
451 300 625 364 edepol
655 301 831 355 mirum
847 335 860 358 ‚
881 301 931 346 ni
957 300 1146 348 subolet
1170 283 1272 367 jem
1298 303 1391 351 hoc
1415 305 1529 354 huic

506 391 687 423 v1c1nae
721 391 867 436 meae.

251 449 438 498 Verum
470 459 628 495 autem
645 484 660 509 ,
694 449 1006 494 altrovorsum
1033 464 1185 510 quom
1209 465 1313 496 eam
1338 466 1530 506 mecum

510 522 742 584 rationem
771 533 893 584 puto
911 556 925 578 ‚

254 595 448 657 Siquid
479 596 575 659 ejus
607 605 746 652 esset,
773 605 888 643 esset
914 610 1109 650 mecum
1128 596 1399 659 postulatio.

253 668 343 714 Ibo
373 668 498 713 intro
513 701 526 723 ,
546 678 600 712 ut
629 665 893 726 subducam
909 667 1070 729 navim
1094 684 1281 718 rursum
1299 667 1350 713 in
1371 668 1530 728 pulvi-

511 755 712 787 nanum.

563 841 1214 880 CLEOSTRATA.

245 918 355 978 Jam
377 917 455 964 hic
483 926 549 966 est
571 915 730 977 lepide
752 915 1031 963 ludificatus.
1057 915 1213 963 miseri
1231 928 1286 963 ut
1308 917 1530 965 festinant

511 989 670 1050 senes!

251 1062 395 1108 Nunc
426 1077 512 1124 ego
546 1060 684 1108 illum
713 1059 877 1116 nihili,
912 1057 1239 1127 decrepitum,
1266 1080 1433 1110 meum
1460 1064 1532 1109 vi-

504 1150 612 1178 rum
638 1132 797 1187 veniat
825 1132 998 1189 velim,

251 1205 317 1255 Ut
345 1224 459 1269 eum
487 1206 731 1252 ludificem
757 1204 982 1262 vicissim,
1004 1216 1262 1267 postquam
1287 1208 1417 1254 hunc
1449 1207 1530 1254 de-

507 1280 597 1325 lusi
626 1280 840 1330 alterum.

253 1355 380 1400 Nam
404 1371 491 1418 ego
510 1353 693 1414 aliquid
721 1353 995 1400 contrahere
1012 1354 1155 1416 cupio
1173 1355 1292 1419 litigi
1309 1355 1431 1402 inter
1454 1371 1532 1402 eos

507 1428 641 1473 duos.

259 1503 352 1552 Sed
391 1519 557 1549 eccum
591 1501 782 1561 incedit.
813 1512 890 1558 at,
921 1517 1078 1562 quom
1108 1500 1292 1563 aspicias
1320 1501 1498 1548 tristem
1517 1536 1529 1558 ,

508 1575 631 1640 frugi
661 1591 856 1621 censeas,
976 1566 977 1569 ¹

531 1722 604 1767 κε
661 1720 698 1768 C
747 1720 791 1768 E
839 1719 893 1766 N
936 1692 1219 1772 Aſs111.

422 1870 801 1908 STALINO.
855 1867 1384 1908 CLEOSTRATA·

672 2010 1110 2046 STALINO.

259 2086 600 2197 STULTITIA
620 2162 788 2210 magna
810 2146 863 2191 ’st
877 2181 890 2203 ‚
919 2163 1024 2192 mea
1053 2144 1253 2206 quidem
1275 2144 1525 2201 sententia,

259 2222 526 2270 Hominem
550 2230 808 2269 amatorem
841 2221 995 2266 ullum
1018 2219 1078 2265 ad
1100 2218 1259 2267 forum
1278 2216 1527 2280 procedere

258 2294 317 2339 In
339 2312 449 2339 eum
470 2295 597 2340 diem
619 2329 631 2350 ‚
656 2294 740 2354 qui
766 2293 901 2354 quod
923 2304 1047 2339 amet
1068 2293 1117 2338 in
1144 2291 1328 2339 mundo
1351 2289 1462 2347 siet,

259 2366 391 2415 Sicut.
419 2384 505 2430 ego
536 2367 815 2419 fecistultus
834 2387 853 2426 :f
873 2366 1072 2423 contrivi
1106 2366 1261 2419 diem,

260 2439 396 2488 Dum
425 2450 522 2486 asto
550 2440 803 2488 advocatus
840 2439 1068 2502 quoidam
1101 2445 1301 2500 cognato
1329 2452 1459 2482 meo:
