1650 2826
172 215 263 270 '578
432 210 1185 262 crerLLARIA.
1313 216 1444 278 {aa}

445 336 1175 374 ‘LAMPADISCUa

167 406 325 470 Hujus
362 422 449 470 ego
483 422 674 467 quaero.

549 499 594 532 M
627 500 657 532 E
692 500 722 533 I.
757 500 794 533 A
828 501 858 533 E
896 501 931 534 N
967 501 989 534 I
1025 501 1064 536 S.

708 569 826 639 Quo
847 568 997 615 modo
1023 569 1190 634 igitur,
1213 572 1404 626 obsecro
1423 609 1436 632 ‚

167 636 297 684 Haec
324 650 390 686 est
406 641 562 701 prior,
582 657 707 702 quae
737 652 889 703 nupta
922 657 1054 688 nunc
1084 644 1183 691 est?

450 735 1168 772 LAMPADISCUS.

1201 803 1412 850 Conteris

164 870 245 916 Tu
271 882 352 918 tua
376 888 455 918 me
482 871 695 921 oratione
711 904 725 927 ,
755 871 951 929 mulier,
982 874 1194 936 quisquis
1222 894 1281 922 es.

163 943 529 990 Medioxumam
560 959 709 1004 quam
736 942 875 989 duxit
903 961 1132 1005 uxorem,
1167 965 1227 994 ex
1253 966 1304 995 ea

162 1016 282 1063 Nata
313 1029 379 1064 est
409 1018 522 1068 haec
546 1017 678 1080 virgo
695 1051 708 1073 ‚
733 1015 1074 1068 Alcesimarcho
1103 1037 1225 1083 quae
1246 1022 1404 1075 datur.

162 1088 229 1134 Ea
260 1104 380 1134 uxor
413 1088 541 1137 diem
571 1088 703 1135 obiit.
727 1089 827 1151 jam
854 1087 973 1136 scis?

546 1186 589 1218 M
625 1184 656 1216 Ε
690 1183 721 1215 L
757 1183 792 1215 A
827 1183 857 1215 E
894 1184 928 1216 N
962 1185 983 1217 1
1019 1185 1059 1219 s.

985 1253 1154 1300 Teneo
1180 1255 1298 1302 istuc
1323 1258 1438 1312 satis.

113 1380 130 1399 ο
166 1326 261 1373 Sed
288 1342 375 1391 ego
400 1324 523 1372 illud
548 1342 725 1386 quaero
748 1326 1076 1393 confragosum
1095 1362 1110 1385 ‚
1137 1345 1239 1389 quo
1258 1330 1407 1378 modo

165 1400 297 1445 Prior
325 1398 555 1461 posterior
588 1399 672 1456 sit,
710 1411 757 1445 et
781 1400 1011 1461 posterior
1037 1401 1095 1446 sit
1117 1402 1280 1463 prior?

458 1493 1167 1529 LAMPADISCUS.

165 1565 297 1611 Prius
326 1565 446 1610 hanc
473 1563 754 1624 conpressit,
787 1579 933 1627 quam
962 1579 1163 1610 uxorem
1190 1564 1330 1613 duxit
1355 1567 1439 1616 do-

418 1651 578 1681 mum:
1341 1687 1351 1692 ,

164 1708 296 1754 Prius
317 1704 502 1772 gravida
524 1707 643 1775 facta
666 1719 733 1754 est
748 1743 763 1766 ‚
788 1709 1014 1770 priusque
1030 1709 1214 1770 peperit
1234 1710 1391 1757 filiam.

164 1781 283 1827 Eam
312 1792 568 1843 postquam
597 1777 809 1843 peperit,
833 1782 969 1846 jussit
992 1798 1183 1843 parvam
1207 1784 1386 1848 projici.

162 1855 266 1918 Ego
294 1871 398 1901 eam
428 1855 636 1919 projeci,
659 1855 747 1907 alia
770 1855 942 1906 mulier
967 1856 1177 1909 sustulit:

161 1929 266 1994 Ego
298 1930 565 1990 inspectavi.
601 1931 738 1976 herus
767 1930 887 1976 hanc
920 1930 1060 1980 duxit
1088 1932 1277 1993 postibi.

162 2000 280 2047 Eam
310 2016 442 2046 nunc
467 2001 678 2066 puellam
707 2000 853 2051 filiam
885 2002 982 2064 ejus
1011 2002 1290 2068 quaerimus.

162 2074 302 2144 Quid
327 2091 458 2122 nunc
489 2076 657 2138 supina
683 2092 868 2126 sursum
893 2075 945 2121 in
968 2076 1157 2122 coelum
1182 2077 1438 2139 conspicis?

551 2169 595 2201 M
629 2168 658 2200 E
694 2168 726 2205 1.
759 2169 794 2201 A
828 2167 859 2200 Ε
894 2168 927 2201 N
963 2169 984 2201 1
1019 2168 1058 2201 s.

161 2229 186 2274 I
211 2245 341 2275 nunc
359 2230 458 2293 jam
480 2230 599 2276 istuc
621 2247 720 2291 quo
740 2229 1020 2291 properabas
1036 2263 1050 2286 ‚
1072 2228 1190 2274 nihil
1208 2245 1381 2276 moror.

161 2301 303 2349 Nunc
334 2301 559 2349 intellexi.

445 2390 1153 2427 LAMPADISCUS.

610 2458 710 2504 Diis
738 2459 892 2506 hercle
919 2459 1072 2507 habeo
1097 2456 1321 2522 gratiam:
