1650 2826
231 183 417 224 xxxiv
523 155 634 222 ’Μ
700 169 904 221 AGCJ
962 171 1284 221 PLAUTJ

430 281 574 342 1634,
592 281 631 325 8.
647 280 786 341 Opus
809 280 1009 341 quidem
1033 283 1157 329 utile
1169 283 1385 331 studiosis
1399 318 1412 342 ,
1430 285 1515 332 sed

429 346 649 396 omnium
675 346 876 393 aliorum
907 348 1182 409 compilasse
1212 350 1420 413 arguitur
1446 367 1514 396 sa·-

425 411 685 474 pienfflarn,
715 411 848 472 quasi
884 412 922 457 si
951 412 1051 473 ipse
1084 413 1319 460 invenerit
1353 416 1516 462 omnia

426 493 552 525 unus
575 476 729 524 Plauti
758 476 951 538 sapiens.

234 542 356 603 1619
423 542 610 606 Neapoli
617 541 864 599 Nemetum,
879 542 1010 587 Parei
1027 541 1091 600 II,
1101 558 1142 603 4.
1155 544 1518 592 M.AcciiPlauti

427 606 671 656 comoediae
687 606 778 655 XX
790 609 1039 671 superstites
1054 624 1107 653 ex
1130 609 1232 654 solis
1242 608 1369 655 MSS.
1389 610 1515 657 Codd.

425 672 661 718 Palatinae
679 671 973 718 Bibliothecae
1001 675 1257 736 antiquitati
1279 691 1382 720 suae
1395 676 1518 739 fide-

425 738 528 784 liter
551 738 803 785 restitutae,
832 753 884 782 ac
910 739 1023 793 notis
1043 749 1133 783 tam
1153 741 1365 802 practicis
1385 758 1514 803 quam

423 803 591 849 criticis
623 801 764 846 sedulo
792 801 1040 847 illustratae
1069 806 1373 867 confirmatae,
1407 822 1515 852 cura

427 865 504 927 Jo.
526 866 642 912 Phil.
659 865 803 913 Parei.
823 892 890 901 ---
921 865 1025 935 Qui
1050 866 1192 913 etiam
1218 868 1417 931 subjecit
1444 869 1515 915 fa—

424 933 594 979 hulam
611 947 821 992 prorsam
837 965 851 989 ,
872 947 994 992 quae
1013 931 1281 979 inscribitur
1299 933 1516 1009 ⁴(guerolus

420 998 518 1045 sive
539 995 779 1044 Aulularia
795 1030 810 1054 ,
835 1012 958 1056 quae
988 996 1168 1043 diversa
1187 1009 1254 1044 est
1278 999 1338 1044 ab
1356 998 1513 1046 Aulu-

419 1063 531 1110 laria
548 1061 772 1107 Plautina.
795 1087 858 1097 --
883 1060 1051 1107 Editor
1074 1061 1222 1108 nimia
1246 1063 1318 1110 sui
1338 1063 1511 1111 laboris

418 1126 700 1192 jactatione,
722 1137 770 1171 et
791 1126 1097 1173 insectatione
1124 1126 1269 1173 studii
1287 1128 1517 1177 Grutero-

421 1191 811 1241 Taubmanniani
824 1226 837 1250 ,
856 1192 1019 1238 denuo
1033 1192 1233 1238 irritavit
1248 1193 1510 1241 Gruterum

423 1256 545 1304 adeo
559 1291 572 1314 ,
606 1266 663 1302 ut
697 1256 742 1304 ei
779 1268 1045 1318 opponeret
1083 1273 1202 1302 mox
1248 1250 1511 1306 edititinem

423 1339 559 1369 suam
593 1337 768 1369 novam
796 1338 917 1370 scum
949 1321 1239 1382 praefatione
1270 1324 1514 1370 convicio-

422 1404 533 1435 rum
551 1387 706 1448 plena.
739 1386 968 1433 Ceterum
990 1387 1244 1433 Pareanam
1263 1388 1384 1435 hanc
1401 1390 1513 1448 aJo.

426 1452 603 1498 Gravio
626 1452 846 1498 collatam
874 1468 985 1497 cum
1008 1450 1138 1497 MSS.
1171 1465 1219 1498 et
1239 1453 1409 1514 passim
1435 1469 1512 1499 ca-

425 1518 639 1580 stigatam
657 1516 708 1562 in
729 1516 852 1563 Bibl.
867 1518 941 1575 Jo.
958 1516 1084 1565 Mori
1096 1550 1111 1574 ‚
1128 1517 1320 1563 Eliensis
1339 1519 1391 1564 in
1408 1518 1511 1565 An·-

424 1584 517 1646 glia
538 1581 788 1644 Episcopi,
812 1581 950 1628 fuisse
967 1580 1109 1627 refert
1129 1581 1180 1630 B.
1201 1581 1256 1628 L.
1274 1581 1313 1629 F
1313 1582 1512 1631 abricio-

422 1647 681 1696 Emestina.

227 1738 392 1770 5..—
424 1712 633 1772 Lugduni
652 1712 760 1758 Bac.
796 1723 844 1757 et
866 1712 1043 1757 Amstel.
1077 1726 1152 1769 94.
1186 1728 1247 1758 ex
1271 1727 1362 1760 rec.
1389 1714 1510 1763 Phil.

421 1777 582 1823 Parei.
618 1790 642 1822 2
665 1777 778 1822 voll.
802 1773 860 1822 cf.
893 1776 1038 1821 Catal.
1061 1775 1182 1822 Bibl.
1211 1777 1426 1837 Thuani,
1457 1780 1508 1827 Ρ.

226 1891 230 1894 ,
424 1842 500 1897 11,
518 1856 564 1900 p.
591 1840 647 1888 28
655 1856 680 1900 3
705 1840 780 1889 ed.
800 1840 1082 1903 Hamburg„

231 1930 395 1966 2—-5-
431 1905 1011 1959 Cotlzenis‘Anlialtinorum,
1039 1907 1080 1957 8.
1108 1905 1171 1955 Μ.
1204 1907 1329 1953 Accii
1355 1908 1510 1954 Plauti

432 1970 675 2022 Comoediae
703 1972 865 2032 viginti
891 1970 951 2024 ad
980 1970 1238 2023 didacticum
1263 1976 1508 2020 recensitae.

433 2037 538 2085 Cum
563 2036 699 2082 tribus
713 2035 933 2088 Indicibus
958 2035 1347 2096 (sententiarum,
1368 2054 1511 2086 voca-

429 2102 659 2155 bulorum
680 2111 729 2154 et
752 2100 1033 2163 phrasium.)

237 2167 363 2214 1620
430 2167 608 2212 Amstel.
642 2181 714 2226 24.
753 2165 947 2219 Plautus
983 2182 1044 2212 ex
1077 2183 1243 2217 museo
1266 2166 1340 2226 10.
1371 2167 1511 2213 Isaaci

429 2231 646 2280 Pontani;
681 2231 792 2293 (qui
816 2229 915 2280 MS.
935 2230 1252 2296 Anglicanum
1270 2232 1509 2294 contulit.)

234 2295 359 2354 1621
435 2295 490 2342 W
488 2296 740 2358 ittebergae,
760 2312 804 2354 4.
825 2295 1018 2351 Gruteri
1035 2309 1082 2343 et
1101 2296 1405 2346 Taubmanni
1421 2296 1506 2341 III.

429 2360 493 2411 M.
505 2362 611 2409 Acci
625 2362 779 2415 Plauti
793 2362 1033 2415 Comoediae
1047 2379 1100 2408 ex
1119 2363 1403 2423 recognitione
1413 2358 1508 2419 Ja-

429 2428 480 2481 πῖ
504 2425 724 2488 Gmteti2
746 2429 823 2491 qui
839 2428 943 2480 bona
952 2427 1052 2492 fide
1068 2429 1250 2476 contulit
1270 2428 1366 2474 cum
1377 2424 1504 2493 MSS.
