1650 2826
237 188 330 232 944
567 170 1205 221 AULULARIA'.
1375 192 1511 239 v-.41

234 282 335 345 Ego
355 278 405 327 id
432 279 636 338 cavebo,
653 296 772 326 nam
792 281 975 341 >alieubi
1000 282 1271 329 abstrudam
1297 284 1418 332 foris,

235 355 336 419 Ego
369 352 506 411 faxo,
534 363 583 399 et
607 370 800 415 operam
825 367 872 400 et
889 355 1059 402 vinum
1082 347 1516 418 perdiderit-siinul.

575 461 1182 497 MEGADORUS.

235 539 336 604 Ego
356 573 371 597 ‚
403 540 492 585 nisi
520 541 642 601 quid
664 558 748 588 me
782 543 880 599 viS‚
917 559 974 589 eo
1011 544 1249 601 lavatum,
1283 555 1338 590 ut
1365 551 1518 592 sacru-

488 615 640 661 ficem.

686 701 717 734 Ε
754 701 790 733 U
826 702 853 734 c
889 698 974 734 L'1
1011 702 1061 735 o.

236 776 423 837 Edepol
447 790 536 820 nae
566 786 620 822 tu
635 809 647 832 ‚
671 773 794 821 Aula
811 810 824 832 ‚
855 775 1032 821 multos
1060 773 1274 822 inimicos
1300 773 1442 823 ha'bes
1457 814 1470 835 ‚

236 850 400 912 Atque
426 849 544 895 istuc
573 867 744 896 aurum
759 846 787 907 ,’
812 849 949 910 quod
984 849 1312 898 concreditum
1333 852 1388 898 'st
1415 852 1517 898 tibi.

239 925 382 970 Nunc
398 925 491 969 hoc
509 923 627 968 mihi
645 922 771 968 factu
784 923 836 968 ’st
854 933 1116 984 optumum
1127 957 1140 979 ‚
1155 934 1203 969 te
1218 935 1273 969 ut
1286 924 1519 983 auferam,

237 997 359 1045 Aula
373 1032 387 1056 ‚
408 998 457 1042 in
482 997 630 1043 Fideii
653 997 819 1043 fanum
839 1017 848 1042 :
882 994 950 1042 ibi
976 997 1246 1044 abstrudam
1268 1000 1433 1059 probe.

239 1071 400 1128 Fides,
423 1070 597 1117 novisti
614 1087 719 1128 me,
742 1080 788 1116 e't
810 1086 897 1134 ego
921 1081 969 1116 te
989 1089 999 1115 ε
1022 1085 1132 1116 cave
1155 1070 1210 1115 sis
1235 1071 1322 1115 tibi
1338 1105 1352 1128 ,

236 1144 311 1190 Ne
337 1155 393 1190 tu
416 1144 467 1189 in
490 1159 569 1189 me
596 1142 806 1189 mutassis
833 1158 1041 1198 nomen,
1065 1142 1101 1187 si
1118 1142 1212 1188 hoc
1234 1141 1517 1188 concreduo.

242 1216 334 1263 Ibo
359 1216 420 1263 ad
445 1227 494 1262 te
510 1250 525 1274 ‚
548 1214 692 1262 fretus
718 1225 802 1261 tua
817 1248 830 1272 ,
854 1215 991 1260 Fides
1008 1248 1021 1272 ‚
1049 1215 1235 1261 fiducia.

495 1362 664 1420 AC
731 1362 782 1418 T
849 1361 1006 1418 US
1105 1362 1248 1421 IV.

657 1463 1091 1529 SCENA-I.

580 1613 1146 1650 STROBILUS.

240 1685 435 1800 Hoc
470 1764 537 1800 est
564 1755 681 1801 servi
708 1753 885 1800 facinus
909 1754 1058 1819 frugi,
1083 1753 1231 1800 facere
1263 1749 1399 1816 quod
1430 1766 1515 1819 e'go

491 1843 775 1887 persequor:

238 1900 339 1946 Nec
362 1916 521 1946 morae
544 1898 885 1960 molestiaeque
904 1899 1162 1961 imperium
1181 1899 1327 1946 hexile
1347 1895 1517 1946 habeat

491 1970 592 2017 sibi.
1516 1972 1518 1977 “

240 2045 366 2090 Nam
377 2045 471 2105 qui
484 2045 599 2090 hero
617 2059 678 2089 ex
693 2044 925 2089 sententia
941 2044 1107 2089 servire
1124 2059 1275 2089 servos
1291 2043 1516 2104 postulat,

239 2119 298 2164 In
316 2119 487 2163 herum
502 2127 686 2163 matura
698 2151 712 2173 ‚
731 2117 782 2161 in
805 2133 851 2162 se
875 2133 971 2161 sera
991 2115 1221 2162 condecet
1236 2129 1480 2175 capessere.

239 2187 323 2234 Sin
361 2189 612 2246 dormitet,
641 2189 705 2234 ita
734 2188 987 2247 dormitet,
1014 2205 1198 2235 servom
1232 2202 1326 2233 sese
1351 2195 1408 2231 ut
1434 2200 1515 2230 co·-

491 2265 619 2327 gitet.
675 2312 678 2313 γ

237 2330 362 2380 Nam
399 2334 484 2394 qui
523 2334 699 2379 amanti
727 2332 843 2380 hero
880 2332 1154 2380 servitutem
1185 2329 1349 2386 servit,
1382 2329 1513 2389 quasi

493 2420 580 2468 ego
614 2406 790 2465 servio,
