1650 2826
120 176 241 220 v.77
407 154 694 221 ACTUS
745 153 805 202 V.
860 152 966 201 SC.
1019 155 1103 201 ΙΙ.
1300 158 1389 220 383

499 279 527 311 B
561 278 595 311 Α
630 277 658 310 C
693 277 721 310 C
755 275 791 308 Η
827 275 848 308 Ῑ
885 274 908 309 S
975 275 1012 309 I.

283 346 331 392 N
332 361 397 392 on
411 345 500 392 tibi
515 345 649 392 venit
664 344 715 390 in
730 354 969 401 mentem,
987 343 1156 390 amabo
1168 378 1183 402 ,
1197 345 1233 390 si
1242 379 1257 403 ,
1276 345 1397 393 dum

596 415 724 462 vivas
740 450 754 472 ,

129 491 241 539 Tibi
267 491 391 538 bene
412 487 572 544 faciaS,
594 488 693 551 jam
722 489 808 549 pol
833 487 885 533 id
919 487 1117 549 quidem
1144 505 1236 536 esse
1267 492 1398 538 haud

369 561 805 625 perlong'mquom:

124 635 327 703 Neque,
353 634 390 680 si
410 635 503 680 hoc
534 634 679 679 hodie
708 632 936 690 amiseris,
956 645 1065 694 post
1093 635 1145 680 in
1168 647 1322 682 morte
1343 636 1395 683 id

372 718 660 754 eventurum
692 723 784 752 esse
814 706 1085 767 umquam?

466 796 1038 834 NlcoBtJLus.

122 859 398 931 Quidago?

429 943 1069 980 PHILOXENUS.

284 1010 424 1079 Quid
440 1010 576 1074 agas?
600 1011 767 1074 rogitas
791 1011 969 1057 etiam?

466 1104 501 1138 N
538 1104 559 1136 1
597 1104 624 1135 c
662 1104 694 1136 o
729 1105 758 1136 Β
794 1105 829 1137 U
862 1105 894 1137 1.
931 1105 966 1137 U
1003 1105 1041 1138 s.

761 1171 902 1216 Libet
919 1205 933 1228 ,
961 1183 1008 1217 et
1029 1183 1211 1219 metuo.

502 1263 532 1296 B
567 1263 602 1296 A
635 1263 662 1295 C
697 1264 725 1297 C
763 1264 798 1296 H
832 1264 854 1296 Ι
887 1264 912 1297 S
973 1264 1013 1297 1.

444 1310 451 1326 ’
704 1324 708 1337 ’
1025 1325 1161 1396 Quid
1185 1326 1388 1374 metuis?

477 1420 511 1453 N
549 1420 569 1452 1
606 1420 632 1452 C
670 1421 702 1453 0
738 1421 767 1452 B
802 1419 838 1451 U
873 1420 904 1452 L
940 1419 975 1452 U
1011 1419 1049 1452 S.

95 1502 99 1504 ’
124 1483 199 1529 Ne
222 1484 458 1531 obnoxius
474 1486 572 1532 filio
598 1487 710 1544 sim,
730 1498 779 1532 et
802 1503 948 1534 servo.

533 1579 563 1611 Β
598 1580 632 1612 A
668 1580 694 1611 c
730 1580 757 1612 c
793 1579 826 1611 Η
861 1579 882 1611 1
919 1578 941 1611 s
1008 1578 1043 1610 1.

498 1656 501 1662 ’
540 1645 639 1690 Mel
663 1662 830 1691 meum
845 1680 859 1702 ‚
878 1644 1048 1690 amabo
1061 1678 1077 1701 ,
1098 1645 1234 1689 istaec
1258 1643 1394 1689 fiunt.

65 1736 68 1738 ·
129 1715 264 1760 Tuus
294 1727 372 1762 est.
400 1718 531 1763 unde
560 1719 698 1764 illurn
726 1735 880 1764 censes
912 1734 1124 1775 sumere,
1151 1718 1238 1763 nisi
1259 1717 1397 1779 quod

377 1800 481 1835 tute
508 1791 576 1835 illi
605 1791 819 1838 dederis?

80 1878 92 1892 ·
128 1857 268 1903 Hanc
291 1859 479 1905 veniam
504 1862 591 1907 illis
613 1864 710 1908 sine
733 1875 780 1909 te
806 1881 1009 1910 exorem.

469 1955 1043 1989 NICOBULUS.

602 2023 667 2069 Ut
693 2024 920 2069 terebrat!
951 2025 1078 2069 satin'
1110 2024 1393 2068 offirmatum

129 2093 282 2163 Quod
306 2095 424 2139 mihi
439 2106 567 2152 erat,
598 2095 648 2140 id
677 2113 757 2141 me
786 2098 984 2143 exorat?
1012 2108 1094 2144 tua
1117 2113 1224 2143 sum
1254 2114 1393 2158 opera

379 2179 427 2213 et
448 2179 642 2229 propter
668 2179 716 2214 te
738 2169 994 2230 inprobior.

511 2261 915 2294 BACCHIS
983 2262 1019 2294 Ι.

131 2327 376 2391 Nusquam
407 2348 486 2376 me
513 2348 539 2376 a
556 2342 604 2376 te
626 2331 804 2377 avelles.
833 2330 961 2377 satin’
987 2346 1074 2396 ego
1096 2331 1215 2377 istuc
1234 2330 1389 2377 habeo

379 2406 662 2452 offirmatum
678 2404 700 2449 ?
