1650 2826
131 186 262 236 Ἃρ
432 165 716 218 ACTUS
768 164 850 210 11.
901 161 1003 208 SC.
1057 152 1135 209 11.
1317 174 1409 218 217

136 281 288 328 Nimis
327 279 452 326 misse
478 275 635 324 timui.
666 271 945 335 priusquam
974 269 1100 315 intro
1126 266 1245 314 redii
1259 302 1277 327 ,
1306 283 1417 315 exa-

385 353 591 401 nimatus
619 347 703 394 fui.

134 427 301 475 Redeo
325 425 391 475 ad
412 437 490 482 te,
513 421 796 487 Megadore‚
821 418 857 464 si
875 415 996 478 quid
1022 431 1102 461 me
1119 414 1204 461 vis.

449 507 516 558 ’Μ
550 522 583 557 E
620 521 651 554 G
689 519 722 553 A
759 519 794 552 n
832 519 865 551 o
901 518 934 552 R
969 515 1005 550 u
1043 515 1080 549 s.

1007 585 1180 631 Habeo
1212 582 1419 647 gratiam

134 664 360 743 Quaeso,
390 662 536 726 quod
566 674 618 709 te
643 660 986 726 percontabor,
1018 674 1083 708 ne
1116 657 1168 703 id
1189 668 1237 703 te
1261 656 1419 720 pigeat

385 735 633 801 proloqui

589 831 621 864 Ε
656 830 694 863 v
729 831 759 863 c
794 830 825 862 L
860 830 881 862 1
917 829 970 862 o

16 955 41 964 ..
82 924 86 931 ·
136 884 272 950 Dum
308 901 511 964 quidem
540 915 604 947 ne
636 899 757 961 quid
781 898 1103 961 perconteriS,
1167 891 1271 941 uod
1299 889 1423 939 mihi
1461 957 1467 961 .

387 990 491 1022 non
519 973 683 1020 lubeat
703 971 945 1035 proloqui.

139 1128 145 1131 .
487 1081 531 1115 M
565 1081 596 1114 E
635 1081 666 1115 G
703 1081 737 1114 A
773 1082 809 1114 D
845 1080 877 1113 o
914 1080 948 1113 n
985 1077 1022 1111 u
1057 1076 1096 1111 s,

142 1154 233 1204 Dic
249 1157 395 1215 mihi,
420 1160 550 1224 quali
569 1177 653 1206 me
672 1160 891 1209 asbitrare
915 1174 1085 1224 genem
1099 1149 1423 1221 prognatum?

543 1254 966 1301 ssEUCLlo.

1266 1307 1419 1356 Bono.

462 1385 1070 1421 MEGADORUS.

144 1433 281 1508 Quid
294 1434 389 1482 fide
399 1435 426 1481 ἓ

366 1564 516 1614 Bona.

476 1650 1085 1686 MEGADORUS.

522 1720 661 1790 Quid
681 1720 842 1766 factis?

592 1812 625 1845 Ε
660 1812 696 1845 U
732 1814 758 1845 c
794 1813 824 1846 L
858 1813 880 1847 1
915 1812 964 1846 o.

620 1881 795 1942 Neque
822 1882 977 1938 malis,
1005 1896 1168 1941 neque
1196 1880 1422 1942 inprobis.

476 1970 523 2006 Μ
554 1973 586 2005 Ε
622 1974 656 2007 G
691 1973 727 2007 A
761 1976 797 2009 D
832 1976 866 2010 Ο
901 1976 936 2011 R
969 1974 1006 2007 U
1044 1973 1082 2008 S.
1357 1941 1362 1950 *

148 2038 365 2090 Aem'tem
384 2056 546 2087 meam*
567 2042 648 2088 scis
659 2043 683 2087 ἓ

491 2121 493 2123 ’
580 2135 611 2167 E
649 2134 684 2167 u
719 2135 747 2167 c
782 2136 813 2169 ι,
847 2136 868 2169 1
905 2128 955 2170 o:

364 2201 471 2249 Scio
496 2218 588 2248 esse
614 2202 864 2267 grandem,
882 2202 1057 2249 itidem
1078 2213 1134 2250 ut
1153 2206 1422 2267 pecuniam.

475 2303 519 2334 M
551 2302 582 2334 Ε
619 2303 652 2336 G
688 2302 722 2334 A
757 2304 793 2336 D
829 2303 861 2335 o
897 2304 931 2336 R
966 2303 1003 2336 U
1038 2288 1075 2338 8.

152 2359 293 2409 Certe
317 2361 491 2423 edepol
519 2362 748 2424 equidem
771 2374 819 2411 te
844 2364 997 2413 civem
1020 2367 1118 2415 sine
1123 2370 1261 2416 mala
1285 2368 1419 2415 omni

339 2459 365 2478 a
402 2435 578 2484 malitia
1125 2455 1129 2457 “

594 1515 970 1550 EUGLIO.
