1650 2826
239 240 334 284 >29²
547 221 1181 282 BACCHIDES.
1295 249 1303 254 .
1391 231 1517 291 v.38

243 331 339 377 Ubi
365 328 483 376 mihi
516 347 603 392 pro
639 347 766 391 equo
800 332 949 378 lectus
987 332 1155 392 detur,
1187 344 1396 382 scortum
1427 352 1515 397 pro

498 413 631 447 scuto
663 403 874 448 accubet.

237 474 398 540 Apage
426 493 453 522 a
485 492 588 534 me,
619 492 776 540 apage.

658 562 686 594 Β
721 562 756 595 Α
790 563 817 594 c
853 563 880 595 c
915 563 949 596 Η
986 564 1005 596 1
1044 563 1081 597 s.

559 629 664 687 Ah,
696 630 903 676 nimium
925 631 1047 678 ferus
1078 649 1135 679 es.

527 724 1219 761 PISTOCLERUS.

730 791 738 793 ³
914 796 1040 841 Mihi
1071 812 1191 842 sum.

654 880 685 913 Β
721 879 755 914 A
790 881 817 913 c
852 881 879 914 c
916 881 950 914 Η
985 882 1007 914 1
1042 881 1079 915 s.

1057 942 1413 990 Malacissandus
1450 961 1507 991 es.

233 1013 475 1077 Equidem
503 1013 592 1058 tibi
620 1012 683 1058 do
710 1013 831 1058 hanc
862 1029 1068 1074 operam.
1115 1040 1118 1042 -

523 1109 1220 1146 PISTOCLERUS.

671 1180 736 1227 At
765 1181 973 1227 nimium
998 1184 1200 1244 pretiosa
1222 1200 1267 1230 es
1288 1185 1505 1246 operaria.

201 1321 208 1331 ‚
652 1275 682 1308 B
717 1275 751 1308 A
787 1276 813 1308 c
850 1276 877 1308 c
912 1276 948 1309 H
982 1275 1004 1308 1
1041 1276 1080 1310 s.
1215 1264 1218 1265 ⁷

231 1343 463 1391 Simulato
496 1344 575 1388 me
602 1342 769 1389 amare.

525 1428 1219 1463 PISTocLERUs.

362 1478 536 1537 Utrum
555 1506 642 1554 ego
660 1491 776 1536 istoc
789 1491 951 1554 jocon’
968 1491 1233 1537 assimulem
1247 1523 1261 1549 ‚
1280 1505 1341 1536 an
1358 1491 1509 1537 serio?

677 1586 706 1619 Β
742 1585 777 1619 Α
811 1587 838 1619 c
875 1588 901 1619 c
938 1587 972 1620 Η
1008 1588 1030 1619 Ι
1066 1587 1104 1620 5.

231 1647 380 1711 Heja!
403 1647 497 1693 hoc
526 1663 658 1711 agere
680 1646 831 1692 meliu
849 1646 929 1692 'st:
960 1646 1095 1693 Miles
1127 1662 1283 1707 quom
1302 1646 1397 1693 huc
1426 1646 1511 1692 ad·-

484 1717 669 1775 veniat,
700 1727 748 1763 te
768 1717 883 1763 volo

229 1789 310 1835 Me
333 1788 602 1851 amplexaxi.

517 1878 1223 1914 PISTOCLERUS..

535 1945 674 2015 Quid
697 1962 754 1992 eo
775 1946 895 1992 mihi
922 1963 1022 2008 opu
1034 1946 1119 1992 ’sti'

648 2034 677 2066 Β
712 2033 748 2066 A
780 2034 808 2067 c
842 2035 870 2067 c
909 2034 944 2067 H
978 2035 1000 2066 1
1036 2034 1076 2068 s.

920 2093 985 2139 Ut
1001 2094 1080 2140 ifle
1097 2104 1144 2140 te
1161 2092 1347 2152 videat,
1369 2094 1495 2140 volo.

227 2165 333 2212 Scio
352 2200 365 2223 ‚
397 2165 518 2228 quid
544 2183 645 2231 ago.

521 2253 549 2285 P
584 2253 605 2284 1
643 2252 664 2285 s
702 2252 733 2284 T
769 2252 801 2285 o
838 2254 865 2285 c
902 2253 932 2285 L
968 2254 998 2286 E
1034 2255 1067 2288 R
1102 2253 1139 2286 U
1173 2253 1212 2286 s.

311 2316 373 2366 Et
393 2321 479 2381 pol
502 2337 588 2386 ego
606 2321 700 2368 scio
714 2356 728 2379 ‚
750 2321 871 2382 quid
891 2333 1071 2369 metuo.
1093 2321 1175 2369 sed
1198 2319 1317 2383 quid
1341 2320 1435 2366 ais?

644 2416 674 2450 Β
708 2415 744 2450 A
778 2416 805 2449 c
841 2417 868 2450 c
903 2417 938 2451 Η
971 2417 993 2450 1
1029 2415 1065 2451 s.

1236 2464 1495 2534 Quidest?

1646 1612 1650 1669 Ι
