1650 2826
227 195 315 244 190
609 175 1149 227 ASINARIA.
1375 195 1504 232 v.11

576 297 1149 335 PARASITUS.

219 380 323 445 Ego
357 393 558 440 quoque
577 412 591 435 ,
621 377 807 435 hercle,
844 378 983 424 illum
1020 377 1223 423 antehac
1256 378 1506 426 hominem

476 468 658 513 semper
680 468 786 500 sum
809 451 931 516 frugi
952 462 1089 497 ratus.

224 529 408 577 Verum
426 527 519 572 hoc
537 523 661 574 facto
684 543 778 575 sese
799 527 1033 583 ostendit,
1057 523 1144 589 qui
1169 523 1369 587 quidem
1393 541 1507 572 cum

474 599 574 645 filio

223 676 366 721 Potet
393 688 490 719 una
505 705 519 729 ,
539 680 685 733 atque
708 684 805 715 una
826 669 1026 716 amicam
1051 670 1217 717 ductet
1241 670 1506 733 decrepitus

475 757 632 789 senex.

602 841 1141 878 ARTEMONA.

224 925 337 973 Hoc
363 934 539 971 ecastor
561 932 656 978 est5
687 920 824 981 quod
845 920 923 968 ine
942 921 979 967 it
1000 921 1062 968 ad
1084 937 1282 969 coenam
1312 919 1499 976 cotidie.

225 1000 307 1048 Ait
336 1014 432 1044 sese
466 996 532 1041 ire
561 993 622 1040 ad
645 991 988 1048 Archidemum
1003 1028 1017 1052 ,
1042 993 1326 1052 Chaeream,
1359 994 1510 1040 Chae-

477 1077 754 1139 restratum3

227 1152 431 1200 Cliniam
449 1183 464 1208 ,
503 1133 788 1203 Chremem,
828 1145 1075 1194 Cratinum
1093 1182 1107 1206 ‚
1145 1146 1342 1195 Diniam
1360 1182 1374 1206 ,
1409 1147 1508 1194 De-

485 1219 801 1267 mosthenem.

226 1304 270 1351 Is
303 1302 435 1366 apud
468 1313 679 1348 scortum
712 1301 1042 1365 conruptelae‚
1081 1312 1129 1349 et
1165 1301 1322 1349 liberis
1357 1304 1510 1350 lustris

478 1377 651 1424 studet.
713 1394 715 1397 ⁴

580 1482 1149 1517 PARASITUS.

227 1565 367 1636 Quin
407 1577 463 1612 tu
501 1564 641 1623 illum
672 1566 814 1629 jubes
845 1566 1030 1615 ancillas
1061 1583 1223 1629 rapere
1251 1535 1508 1619 sublimem

482 1639 687 1685 domum
700 1639 722 1684 Ρ

604 1741 1142 1776 ARTEMONA.

229 1818 355 1864 Tace
370 1818 535 1864 modo.
553 1833 641 1862 nae
657 1817 795 1862 illum
813 1827 988 1861 ecastor
1004 1817 1229 1861 miserum
1239 1815 1442 1895 habebo.

587 1921 616 1954 ι’
653 1920 688 1954 Α
723 1923 758 1955 R
793 1921 827 1954 A
862 1920 885 1954 s
921 1921 942 1953 1
979 1921 1010 1953 Τ
1047 1920 1082 1953 U
1120 1919 1157 1954 s.

1150 1993 1252 2057 Ego
1270 1993 1390 2038 istuc
1413 1992 1508 2038 scio

231 2069 303 2116 Ita
321 2067 421 2115 fore
444 2067 538 2124 illi,
558 2066 679 2113 dum
698 2065 898 2128 quidem
916 2082 1029 2114 cum
1045 2066 1127 2113 ino
1144 2077 1297 2128 nupta
1315 2066 1413 2112 eris.

596 2166 632 2199 A
666 2168 700 2201 R
736 2167 767 2199 T
802 2166 831 2198 Ε
869 2166 912 2200 Μ
948 2166 980 2199 o
1016 2167 1048 2198 N
1083 2168 1134 2201 A.

1216 2228 1318 2292 Ego
1341 2241 1506 2272 censeo

234 2301 361 2346 Eum
382 2303 522 2349 etiam
546 2304 797 2349 hominem
815 2313 898 2349 aut
912 2303 962 2348 in
979 2312 1142 2348 senatu
1159 2301 1265 2346 dare
1286 2315 1476 2360 operam
1492 2333 1506 2355 ‚

488 2389 570 2423 aut
594 2379 867 2426 clientibus:

231 2449 307 2497 Ibi
329 2449 489 2496 labore
513 2450 790 2498 delassatum
823 2460 1019 2497 noctem
1045 2457 1195 2494 totam
1221 2457 1422 2493 stertere.
