1650 2826
110 167 235 265 ..⁴24
448 195 733 248 ACTUS
787 196 847 244 V.
903 195 1010 244 SC.
1066 199 1103 246 1.
1328 201 1414 258 187

459 314 1107 354 ARGYRIPPUS.

144 400 293 446 Pietas
310 430 326 455 ,
360 404 495 458 pater
513 426 528 451 ,
558 392 705 438 oculis
742 391 957 437 dolorem
982 389 1222 453 prohibet.
1249 407 1421 452 quam-

392 483 539 528 quam
565 482 653 530 ego
675 465 819 511 istanc
845 481 955 510 amo
971 499 985 522 ‚

142 545 336 598 Possum
371 538 601 602 equidem
639 538 866 584 inducere
904 538 1121 584 animum
1138 573 1154 596 ‚
1187 555 1250 586 ne
1286 557 1419 605 aegre

388 613 535 676 patiar
548 647 562 669 ,
594 612 706 674 quia
731 614 893 658 techm
925 610 1134 658 accubat.

434 714 471 747 D
506 714 535 746 E
573 713 616 745 Μ
652 713 685 746 Α
722 713 751 745 Ε
789 715 821 746 N
860 713 890 745 E
928 714 958 745 T
995 714 1029 746 U
1068 713 1105 746 s.

141 775 296 828 Decet
306 780 634 827 verecundum
651 797 745 826 esse
760 780 1108 827 adulescentem
1119 815 1133 837 ,
1145 777 1419 844 Axgyrippe.

455 880 1102 916 ARGYRIPPUS.

676 986 691 994 x
1016 948 1229 1011 Edepol,
1263 960 1422 1011 pater,

143 1013 315 1061 Merito
343 1024 430 1061 tuo
467 1013 617 1061 facere
638 1029 845 1075 possum.

462 1109 1128 1144 DEMAENETUS.

496 1182 597 1247 Age
621 1199 731 1247 ergo
745 1218 759 1240 ‚
782 1183 875 1228 hoc
894 1182 1124 1245 agitemus
1144 1183 1423 1231 convivium

145 1253 275 1301 Vino
308 1267 357 1301 et
377 1273 591 1302 sermone
623 1258 765 1304 suavi.
798 1258 916 1304 nolo
945 1273 1033 1321 ego
1054 1258 1208 1304 metui
1227 1292 1241 1315 ,
1276 1259 1420 1305 amari

189 1384 196 1388 ἡ
398 1330 587 1375 mavolo
607 1362 623 1385 ,
1252 1336 1255 1339 ’

147 1399 217 1446 Mi
245 1411 413 1464 gnate,
444 1418 523 1446 me
552 1401 632 1446 abs
663 1411 723 1445 te.

469 1500 503 1532 A
538 1501 571 1533 R
608 1500 639 1532 G
676 1499 710 1531 Y
746 1501 779 1532 R
815 1499 835 1531 I
870 1500 898 1532 P
933 1500 962 1534 P
1000 1501 1036 1533 U
1073 1501 1111 1535 S.

149 1604 158 1615 .
229 1569 318 1614 Pol
334 1585 421 1633 ego
440 1580 702 1631 utrumque
719 1571 838 1627 facio
855 1607 868 1629 ‚
888 1584 943 1619 ut
962 1591 1171 1635 aequom
1188 1577 1242 1622 ’st
1257 1577 1422 1625 filium.

451 1669 488 1702 D
523 1670 554 1702 E
591 1670 632 1703 Μ
667 1671 702 1703 A
737 1672 766 1704 E
802 1673 833 1705 Ν
869 1673 898 1706 Ε
935 1675 966 1707 Τ
1002 1676 1036 1708 U
1074 1676 1112 1709 s.

153 1740 354 1788 Credam
374 1742 492 1790 istuc
508 1779 522 1802 ‚
542 1746 688 1792 siesse
711 1758 758 1793 te
782 1749 984 1797 hilarum
1001 1753 1178 1800 videro.

468 1846 504 1879 A
537 1847 572 1880 R
608 1848 641 1882 G
678 1850 712 1882 Y
748 1852 782 1884 R
818 1853 837 1885 1
875 1829 902 1886 εὖ
938 1855 966 1887 P
1003 1856 1038 1888 U
1076 1857 1114 1889 s,

649 1919 727 1966 An
746 1932 802 1967 tu
826 1940 918 1969 esse
940 1942 1019 1971 me
1046 1927 1225 1974 tristem
1252 1931 1424 1991 putas?

454 2016 491 2049 D
525 2016 556 2049 Ε
591 2017 633 2050 Μ
669 2019 703 2051 A
738 2020 767 2052 E
802 2022 836 2054 N
870 2023 900 2055 E
937 2024 968 2056 Τ
1005 2026 1038 2058 U
1077 2027 1116 2060 s.

158 2080 331 2128 Putem
349 2097 435 2146 ego
449 2082 471 2127 Ρ
500 2100 646 2144 quem
663 2086 852 2133 videam
874 2107 1027 2150 aeque
1051 2109 1144 2140 esse
1165 2107 1423 2156 maestum,

403 2165 460 2200 ut
487 2156 618 2215 quasi
652 2157 748 2203 dies
775 2159 811 2204 si
837 2160 960 2207 dicta
985 2163 1054 2209 sit.

454 2251 491 2284 A
525 2253 559 2286 R
596 2253 627 2286 G
662 2255 697 2287 Y
731 2255 765 2288 R
799 2255 820 2288 Ι
854 2255 882 2288 P
917 2256 947 2289 P
983 2258 1018 2291 U
1054 2259 1091 2293 S.

155 2308 230 2357 Ne
260 2310 377 2360 dixis
405 2313 537 2360 istuc.

472 2399 509 2434 D
544 2400 574 2432 E
610 2400 653 2433 Μ
686 2400 721 2434 A
755 2403 786 2436 E
819 2403 853 2436 N
887 2405 918 2438 E
955 2405 986 2439 T
1021 2406 1057 2440 U
1092 2404 1130 2442 S.

513 2469 587 2519 Ne
605 2459 666 2517 sic
689 2470 826 2519 fueris
837 2508 852 2535 ,
872 2474 997 2524 illico
1018 2492 1104 2541 ego
1123 2493 1226 2526 non
1246 2478 1420 2526 dixem.
