1650 2826
168 210 294 258 v.15
425 191 756 244 ACTUS
803 192 917 239 111.
964 190 1066 239 SC.
1117 193 1176 241 V.
1346 210 1435 256 325

167 303 399 350 Ramenta
420 301 504 347 fiat
522 264 715 362 plumba
743 299 1050 363 propensior,

168 374 447 422 Mendicum
470 372 635 419 malim
660 368 979 435 mendicando
1006 370 1206 418 vincere.

166 447 448 507 Numquam
468 440 770 507 edepolfviva
794 454 874 490 me
897 444 1133 490 inridebit.
1163 461 1274 490 narn
1294 446 1414 492 mihi

167 520 426 567 Decretum
442 518 496 563 'st
512 527 808 563 renumerare
826 518 919 580 jam
943 533 1089 562 omne
1105 533 1276 577 aurum
1298 518 1432 578 patri.

125 597 137 608 ⁸
167 591 316 656 Igitur
337 590 455 636 mihi
474 589 602 635 inani
620 600 766 650 atque
791 589 924 650 inopi
945 588 1356 635 subblandibitur:

165 664 296 711 Tum
311 696 326 721 ‚
350 680 503 724 quom
529 679 636 708 mea
661 663 782 708 illud
807 662 959 708 nihilo
978 663 1124 723 pluris
1150 661 1344 720 referet,

166 736 328 805 Quam
354 735 391 780 si
412 734 472 781 ad
502 735 771 796 sepulcrum
804 744 997 779 mortuo
1026 734 1187 779 dicat
1168 749 1351 797 jocum.

163 808 260 856 Sed
282 820 539 870 antequam
568 809 645 854 illa
674 824 908 868 umquam
931 806 1045 852 meis
1073 804 1331 886 opulentiis

163 880 395 927 Ramenta
422 880 503 925 fiat
532 879 742 943 gravior,
766 889 848 924 aut
875 879 1180 960 propensior,

162 954 288 1002 Mori
312 970 392 1000 me
412 953 576 1000 malim
599 952 918 999 excruciatum
943 951 1118 1013 inopia.

162 1025 379 1072 Profecto
407 1025 569 1071 stabile
597 1035 664 1070 est
689 1041 768 1070 me
796 1023 918 1085 patri
941 1038 1112 1069 aurum
1142 1023 1349 1070 reddere.

163 1095 343 1144 Eadem
368 1097 571 1142 exorabo
588 1132 602 1153 ‚
632 1097 854 1159 Chrysalo
884 1112 1036 1142 caussa
1059 1113 1163 1141 mea

167 1169 302 1214 Pater
323 1185 385 1214 ne
408 1180 576 1214 noceat
596 1188 605 1212 ε
630 1185 726 1214 neu
753 1169 874 1229 quid
902 1170 944 1215 ei
968 1180 1238 1221 succenseat

167 1241 277 1287 Mea
306 1257 458 1292 caussa
482 1240 542 1286 de
564 1256 704 1296 auro,
731 1241 867 1300 quod
894 1258 1006 1288 eum
1031 1236 1296 1287 ludificatus
1319 1252 1400 1287 est.

167 1312 292 1367 Nam
316 1312 385 1358 illi
417 1328 626 1372 aequom
660 1323 727 1358 est
752 1329 831 1358 me
860 1314 1129 1370 consulere,
1161 1315 1247 1375 qui
1281 1331 1433 1361 caussa

418 1399 526 1430 mea

165 1456 475 1504 Mendacium
503 1456 636 1503 dixit.
665 1473 796 1504 nunc
817 1474 901 1505 vos
929 1475 1007 1504 me
1031 1459 1298 1520 sequimini.

554 1607 923 1659 SCENA
995 1611 1040 1658 V.

458 1751 1143 1796 PISTOCLERUS.

168 1834 403 1944 REBUS
438 1897 534 1943 aliis
567 1906 856 1956 antevortar,
887 1898 1078 1946 Bacchis
1096 1935 1111 1959 ‚
1145 1917 1267 1962 quae
1299 1919 1436 1950 man-

417 1969 494 2015 das
521 1970 668 2015 mihi:

166 2049 514 2096 Mnesilochum
530 2059 586 2094 ut
602 2049 837 2109 requiram
847 2084 867 2116 ².
877 2057 1022 2111 atque
1040 2060 1095 2097 ut
1113 2068 1225 2097 eum
1239 2070 1434 2100 mecum

417 2120 478 2165 ad
503 2131 550 2165 te
578 2119 810 2166 adducam
837 2121 990 2168 simul.

168 2200 292 2246 Nam
319 2198 439 2245 illud
461 2198 643 2244 animus
664 2215 798 2244 meus
823 2199 1019 2247 miratur
1034 2235 1049 2259 ,
1068 2202 1104 2248 si
1126 2220 1153 2248 a
1174 2220 1253 2250 me
1280 2204 1435 2269 tetigit

416 2283 611 2317 nuntius
628 2305 641 2328 ‚

168 2350 305 2419 Quid
332 2362 605 2399 remoratur.
636 2351 743 2407 ib0‚
771 2363 819 2398 et
844 2353 991 2401 visam
1020 2354 1115 2401 huc
1146 2355 1207 2401 ad
1238 2372 1377 2414 eum,
1400 2356 1438 2403 si

375 2476 385 2483 „
414 2422 536 2470 forte
566 2432 632 2470 est
661 2421 806 2470 domi.

1129 2508 1226 2568 X3
