1650 2826
259 220 344 267 ¹3²
608 169 1144 251 ASINARIA.
1405 225 1527 269 v.45

250 313 424 374 Mulier
453 312 717 358 mitteretur
750 309 811 356 ad
842 321 889 357 te
915 331 924 357 ε
962 317 1234 374 numquam
1263 313 1531 376 quidquam

476 405 731 450 poscerem.

249 464 394 512 Diem
413 497 426 521 ‚
463 480 665 524 aquam,
702 463 849 509 solem
871 498 884 520 ‚
924 466 1089 511 lunam
1109 501 1122 522 ,
1157 477 1380 523 noctem,
1417 466 1532 512 haec

498 547 693 600 argento
726 553 827 582 non
863 553 998 583 emo:

228 619 412 668 0Cetera
440 635 663 680 quaeque
688 621 913 667 volumus
939 621 1039 678 uti,
1068 620 1242 666 Graeca
1267 637 1532 696 mercamut

500 691 607 737 fide.

244 767 418 836 Quom
443 782 470 810 a
493 765 667 826 pistore
696 780 872 826 panem
897 765 1130 826 petimus,
1160 765 1332 814 vinum
1355 784 1416 813 ex
1447 784 1529 814 oe-

473 839 672 901 nopolio
693 873 706 895 ,

246 911 293 958 Si
320 929 391 958 aes
423 912 630 969 habent,
659 911 777 956 dant
803 927 1044 956 mercem·
1078 911 1244 958 eadem
1275 929 1362 959 nos
1394 912 1529 958 disci-

504 988 635 1050 plina
666 985 859 1031 utimur.

247 1069 442 1131 Semper
477 1069 690 1114 oculatae
725 1076 907 1111 nostrae
939 1076 1049 1111 sunt
1086 1081 1284 1123 manus,
1327 1066 1529 1112 credunt

499 1139 636 1201 quod
664 1138 843 1184 vident.

246 1213 398 1260 Vetus
431 1224 528 1270 est,
567 1211 715 1257 Nihili
754 1211 886 1256 cocio
926 1222 1020 1256 est:
1057 1211 1140 1257 scis
1179 1212 1391 1276 quojus?
1426 1228 1527 1258 non

503 1285 612 1335 dico
641 1284 856 1345 amplius.

570 1385 1217 1446 ARAGYRIPPUS'.

242 1474 400 1523 Aliam
417 1493 548 1523 nunc
563 1476 684 1533 mihi
707 1476 971 1523 orationem
989 1476 1249 1539 despoliato
1263 1476 1520 1538 praedicas:

225 1545 408 1614 Longe
428 1549 565 1596 aliam
579 1584 592 1606 ,
611 1550 810 1610 inquam
824 1585 837 1607 ,
855 1549 1047 1611 'praebes
1067 1558 1198 1612 nunc
1218 1560 1363 1610 atque
1387 1549 1521 1606 olim,

500 1641 657 1685 quom
680 1623 875 1669 dabam:

240 1695 398 1741 Aliam
422 1707 567 1756 atque
588 1695 704 1740 olim
717 1729 730 1751 ‚
753 1708 907 1754 quom
926 1693 1134 1740 inlicibas
1154 1710 1233 1739 me
1250 1691 1311 1740 ad
1327 1701 1375 1739 te
1392 1693 1524 1739 blan-

502 1768 561 1812 de
588 1784 639 1812 ac
677 1768 931 1812 benedice:

241 1840 373 1886 Tum
397 1841 465 1885 mi
490 1841 625 1886 aedes
658 1852 858 1901 quoque
884 1839 1152 1886 arridebant
1168 1873 1182 1896 ,
1211 1856 1365 1900 quom
1393 1839 1454 1885 ad
1475 1850 1522 1885 te

514 1913 764 1971 venibam,
788 1925 910 1959 tuae.

238 1985 320 2031 Me
333 1987 473 2033 unice
493 2004 649 2033 unum
674 1980 734 2033 ei<
752 1987 975 2034 omnibus
989 1999 1036 2033 te
1050 2021 1062 2043 ‚
1082 1998 1228 2048 atque
1243 1986 1371 2032 illam
1395 2003 1519 2034 ama-

493 2078 569 2118 re,
596 2055 717 2108 aibas
741 2061 873 2107 mihi.

240 2129 335 2176 Ubi
364 2132 484 2193 quid
518 2133 765 2192 dederam,
793 2135 926 2196 quasi
948 2133 1199 2180 columbae
1220 2126 1341 2195 pulli
1362 2132 1412 2178 in
1438 2147 1517 2176 ore

497 2206 663 2252 ambae
687 2216 797 2254 meo

238 2273 399 2336 Usque
430 2279 586 2324 eratis:
616 2297 725 2326 meo
757 2281 817 2327 de
845 2281 1002 2337 studio
1025 2280 1179 2328 studia
1208 2288 1338 2324 erant
1362 2287 1515 2340 voqtra

497 2353 668 2399 omnia.

238 2426 399 2488 Usque
429 2425 776 2473 adhaerebatiS.
815 2428 951 2492 quod
983 2443 1070 2493 ego
1088 2428 1348 2513 jusseram,
1377 2421 1511 2485 quod
1564 2476 1581 2479 V

494 2499 739 2546 volueram
755 2535 769 2558 ‚
