<?xml version="1.0" encoding="UTF-8"?>
<!DOCTYPE html PUBLIC "-//W3C//DTD XHTML 1.0 Transitional//EN"
    "http://www.w3.org/TR/xhtml1/DTD/xhtml1-transitional.dtd">
<html xmlns="http://www.w3.org/1999/xhtml" xml:lang="en" lang="en">
 <head>
  <title>
</title>
<meta http-equiv="Content-Type" content="text/html;charset=utf-8" />
  <meta name='ocr-system' content='tesseract 3.04.00' />
  <meta name='ocr-capabilities' content='ocr_page ocr_carea ocr_par ocr_line ocrx_word'/>
</head>
<body>
  <div class='ocr_page' id='page_1' title='image "./comoediaesuperst01plauuoft_0083.png"; bbox 0 0 1650 2826; ppageno 0'>
   <div class='ocr_carea' id='block_1_1' title="bbox 0 808 27 1216">
    <p class='ocr_par' dir='ltr' id='par_1_1' title="bbox 0 808 27 1216">
     <span class='ocr_line' id='line_1_1' title="bbox 0 808 27 1216; baseline 0 1610"><span class='ocrx_word' id='word_1_1' title='bbox 0 808 27 1216; x_wconf 95' lang='lat' dir='ltr'><strong> </strong></span> 
     </span>
    </p>
   </div>
   <div class='ocr_carea' id='block_1_2' title="bbox 0 1370 31 1681">
    <p class='ocr_par' dir='ltr' id='par_1_2' title="bbox 0 1370 31 1681">
     <span class='ocr_line' id='line_1_2' title="bbox 0 1370 31 1681; textangle 90"><span class='ocrx_word' id='word_1_2' title='bbox 3 1668 12 1681; x_wconf 61' lang='grc' dir='ltr'><strong>ν</strong></span> <span class='ocrx_word' id='word_1_3' title='bbox 0 1450 27 1657; x_wconf 37' lang='lat' dir='ltr'><strong>&amp;vaceae-:amv-</strong></span> <span class='ocrx_word' id='word_1_4' title='bbox 6 1422 31 1436; x_wconf 58' lang='lat' dir='ltr'><em>fi</em></span> <span class='ocrx_word' id='word_1_5' title='bbox 3 1370 6 1378; x_wconf 58' lang='lat'><strong>„,</strong></span> 
     </span>
    </p>
   </div>
   <div class='ocr_carea' id='block_1_3' title="bbox 0 2338 20 2826">
    <p class='ocr_par' dir='ltr' id='par_1_3' title="bbox 0 2338 20 2826">
     <span class='ocr_line' id='line_1_3' title="bbox 0 2338 20 2826; textangle 90"><span class='ocrx_word' id='word_1_6' title='bbox 0 2677 20 2826; x_wconf 45' lang='lat' dir='ltr'><strong>:W—</strong></span> <span class='ocrx_word' id='word_1_7' title='bbox 0 2557 19 2743; x_wconf 44' lang='lat' dir='ltr'><strong>.-fflffl&#39;&#39;&#39;“‘</strong></span> <span class='ocrx_word' id='word_1_8' title='bbox 0 2399 12 2556; x_wconf 56' lang='lat' dir='ltr'><strong>——w</strong></span> <span class='ocrx_word' id='word_1_9' title='bbox 0 2462 2 2514; x_wconf 52' lang='lat'><strong>—*‘</strong></span> <span class='ocrx_word' id='word_1_10' title='bbox 0 2422 2 2442; x_wconf 44' lang='grc' dir='ltr'>μ</span> <span class='ocrx_word' id='word_1_11' title='bbox 1 2338 7 2396; x_wconf 64' lang='lat'><strong>’⁶⁴‘</strong></span> 
     </span>
    </p>
   </div>
   <div class='ocr_carea' id='block_1_4' title="bbox 115 193 1406 278">
    <p class='ocr_par' dir='ltr' id='par_1_4' title="bbox 115 193 1406 278">
     <span class='ocr_line' id='line_1_4' title="bbox 115 193 1406 278; baseline -0.01 -24"><span class='ocrx_word' id='word_1_12' title='bbox 115 204 316 278; x_wconf 42' lang='grc' dir='ltr'><strong>,ξηαπ</strong></span> <span class='ocrx_word' id='word_1_13' title='bbox 463 195 750 248; x_wconf 87' lang='lat' dir='ltr'>ACTUS</span> <span class='ocrx_word' id='word_1_14' title='bbox 800 196 837 242; x_wconf 94' lang='lat'><strong>1.</strong></span> <span class='ocrx_word' id='word_1_15' title='bbox 890 193 996 243; x_wconf 90' lang='lat' dir='ltr'><strong>SC.</strong></span> <span class='ocrx_word' id='word_1_16' title='bbox 1053 194 1092 242; x_wconf 85' lang='lat'><strong>1.</strong></span> <span class='ocrx_word' id='word_1_17' title='bbox 1338 208 1406 262; x_wconf 68' lang='lat'><strong>29</strong></span> 
     </span>
    </p>
   </div>
   <div class='ocr_carea' id='block_1_5' title="bbox 480 308 1062 350">
    <p class='ocr_par' dir='ltr' id='par_1_5' title="bbox 480 308 1062 350">
     <span class='ocr_line' id='line_1_5' title="bbox 480 308 1062 350; baseline -0.015 0"><span class='ocrx_word' id='word_1_18' title='bbox 480 308 1062 350; x_wconf 73' lang='lat' dir='ltr'>MERCURIUS.</span> 
     </span>
    </p>
   </div>
   <div class='ocr_carea' id='block_1_6' title="bbox 132 382 1055 458">
    <p class='ocr_par' dir='ltr' id='par_1_6' title="bbox 132 382 1055 458">
     <span class='ocr_line' id='line_1_6' title="bbox 132 382 1055 458; baseline -0.017 -14"><span class='ocrx_word' id='word_1_19' title='bbox 132 388 494 458; x_wconf 83' lang='lat' dir='ltr'><strong>Amphitruonis</strong></span> <span class='ocrx_word' id='word_1_20' title='bbox 510 386 594 434; x_wconf 92' lang='lat' dir='ltr'><strong>ted</strong></span> <span class='ocrx_word' id='word_1_21' title='bbox 614 402 707 431; x_wconf 84' lang='lat' dir='ltr'><strong>esse</strong></span> <span class='ocrx_word' id='word_1_22' title='bbox 724 384 846 431; x_wconf 87' lang='lat' dir='ltr'><strong>aibas</strong></span> <span class='ocrx_word' id='word_1_23' title='bbox 864 382 1055 430; x_wconf 88' lang='lat' dir='ltr'><strong>Sosiam.</strong></span> 
     </span>
    </p>
   </div>
   <div class='ocr_carea' id='block_1_7' title="bbox 618 485 1468 584">
    <p class='ocr_par' dir='ltr' id='par_1_7' title="bbox 618 485 1468 584">
     <span class='ocr_line' id='line_1_7' title="bbox 618 485 911 520; baseline -0.007 0"><span class='ocrx_word' id='word_1_24' title='bbox 618 487 641 520; x_wconf 91' lang='lat' dir='ltr'><strong>s</strong></span> <span class='ocrx_word' id='word_1_25' title='bbox 677 486 709 519; x_wconf 96' lang='lat' dir='ltr'><strong>o</strong></span> <span class='ocrx_word' id='word_1_26' title='bbox 747 486 770 520; x_wconf 91' lang='lat' dir='ltr'><strong>s</strong></span> <span class='ocrx_word' id='word_1_27' title='bbox 805 486 828 518; x_wconf 92' lang='lat'>1</span> <span class='ocrx_word' id='word_1_28' title='bbox 861 485 911 518; x_wconf 81' lang='lat' dir='ltr'><strong>A.</strong></span> 
     </span>
     <span class='ocr_line' id='line_1_8' title="bbox 1079 534 1468 584; baseline 0.013 -4"><span class='ocrx_word' id='word_1_29' title='bbox 1079 534 1412 584; x_wconf 64' lang='lat' dir='ltr'><strong>Peccaveramz</strong></span> <span class='ocrx_word' id='word_1_30' title='bbox 1461 555 1468 561; x_wconf 85' lang='lat'><strong>·</strong></span> 
     </span>
    </p>
   </div>
   <div class='ocr_carea' id='block_1_8' title="bbox 138 606 1416 729">
    <p class='ocr_par' dir='ltr' id='par_1_8' title="bbox 138 606 1416 729">
     <span class='ocr_line' id='line_1_9' title="bbox 138 606 1416 678; baseline -0.003 -16"><span class='ocrx_word' id='word_1_31' title='bbox 138 618 260 666; x_wconf 88' lang='lat' dir='ltr'><strong>Nam</strong></span> <span class='ocrx_word' id='word_1_32' title='bbox 289 612 649 678; x_wconf 80' lang='lat' dir='ltr'><strong>Amphitruonis</strong></span> <span class='ocrx_word' id='word_1_33' title='bbox 684 606 867 658; x_wconf 84' lang='lat' dir='ltr'><strong>socium</strong></span> <span class='ocrx_word' id='word_1_34' title='bbox 900 626 989 657; x_wconf 87' lang='lat' dir='ltr'><strong>nae</strong></span> <span class='ocrx_word' id='word_1_35' title='bbox 1021 609 1136 656; x_wconf 87' lang='lat' dir='ltr'><strong>med</strong></span> <span class='ocrx_word' id='word_1_36' title='bbox 1166 626 1258 657; x_wconf 87' lang='lat' dir='ltr'><strong>esse</strong></span> <span class='ocrx_word' id='word_1_37' title='bbox 1281 612 1416 658; x_wconf 86' lang='lat' dir='ltr'><strong>volui</strong></span> 
     </span>
     <span class='ocr_line' id='line_1_10' title="bbox 394 684 560 729; baseline -0.006 0"><span class='ocrx_word' id='word_1_38' title='bbox 394 684 560 729; x_wconf 86' lang='lat' dir='ltr'><strong>dicere.</strong></span> 
     </span>
    </p>
   </div>
   <div class='ocr_carea' id='block_1_9' title="bbox 504 767 1081 813">
    <p class='ocr_par' dir='ltr' id='par_1_9' title="bbox 504 767 1081 813">
     <span class='ocr_line' id='line_1_11' title="bbox 504 767 1081 813; baseline 0 0"><span class='ocrx_word' id='word_1_39' title='bbox 504 767 1081 813; x_wconf 78' lang='lat' dir='ltr'><strong>MERcuR1us.</strong></span> 
     </span>
    </p>
   </div>
   <div class='ocr_carea' id='block_1_10' title="bbox 141 846 1423 967">
    <p class='ocr_par' dir='ltr' id='par_1_10' title="bbox 141 846 1423 967">
     <span class='ocr_line' id='line_1_12' title="bbox 141 846 1423 910; baseline -0.002 -12"><span class='ocrx_word' id='word_1_40' title='bbox 141 851 329 899; x_wconf 89' lang='lat' dir='ltr'>Scibam</span> <span class='ocrx_word' id='word_1_41' title='bbox 347 848 577 910; x_wconf 85' lang='lat' dir='ltr'>equidem</span> <span class='ocrx_word' id='word_1_42' title='bbox 597 847 789 892; x_wconf 88' lang='lat' dir='ltr'><strong>nullum</strong></span> <span class='ocrx_word' id='word_1_43' title='bbox 815 862 909 893; x_wconf 88' lang='lat' dir='ltr'><strong>esse</strong></span> <span class='ocrx_word' id='word_1_44' title='bbox 926 846 1087 905; x_wconf 88' lang='lat' dir='ltr'><strong>nobis,</strong></span> <span class='ocrx_word' id='word_1_45' title='bbox 1107 847 1194 893; x_wconf 88' lang='lat' dir='ltr'><strong>nisi</strong></span> <span class='ocrx_word' id='word_1_46' title='bbox 1210 863 1289 894; x_wconf 87' lang='lat' dir='ltr'><strong>me</strong></span> <span class='ocrx_word' id='word_1_47' title='bbox 1300 882 1315 907; x_wconf 86' lang='lat'>‚</span> <span class='ocrx_word' id='word_1_48' title='bbox 1333 865 1423 896; x_wconf 53' lang='lat' dir='ltr'><strong>ser*</strong></span> 
     </span>
     <span class='ocr_line' id='line_1_13' title="bbox 399 919 725 967; baseline -0.009 0"><span class='ocrx_word' id='word_1_49' title='bbox 399 937 517 967; x_wconf 84' lang='lat' dir='ltr'><strong>vom</strong></span> <span class='ocrx_word' id='word_1_50' title='bbox 537 919 725 966; x_wconf 86' lang='lat' dir='ltr'><strong>Sosiam.</strong></span> 
     </span>
    </p>
   </div>
   <div class='ocr_carea' id='block_1_11' title="bbox 146 994 938 1103">
    <p class='ocr_par' dir='ltr' id='par_1_11' title="bbox 146 994 938 1103">
     <span class='ocr_line' id='line_1_14' title="bbox 146 994 519 1062; baseline -0.016 -18"><span class='ocrx_word' id='word_1_51' title='bbox 146 997 287 1062; x_wconf 87' lang='lat' dir='ltr'><strong>Fugit</strong></span> <span class='ocrx_word' id='word_1_52' title='bbox 314 1006 363 1041; x_wconf 90' lang='lat' dir='ltr'><strong>te</strong></span> <span class='ocrx_word' id='word_1_53' title='bbox 388 994 519 1040; x_wconf 83' lang='lat' dir='ltr'><strong>ratio.</strong></span> 
     </span>
     <span class='ocr_line' id='line_1_15' title="bbox 645 1069 938 1103; baseline -0.003 0"><span class='ocrx_word' id='word_1_54' title='bbox 645 1069 668 1103; x_wconf 92' lang='lat' dir='ltr'>S</span> <span class='ocrx_word' id='word_1_55' title='bbox 705 1069 737 1102; x_wconf 95' lang='grc' dir='ltr'>Ο</span> <span class='ocrx_word' id='word_1_56' title='bbox 774 1069 796 1102; x_wconf 93' lang='lat' dir='ltr'>S</span> <span class='ocrx_word' id='word_1_57' title='bbox 832 1069 855 1102; x_wconf 89' lang='lat' dir='ltr'>I</span> <span class='ocrx_word' id='word_1_58' title='bbox 888 1069 938 1102; x_wconf 85' lang='lat' dir='ltr'><strong>A.</strong></span> 
     </span>
    </p>
   </div>
   <div class='ocr_carea' id='block_1_12' title="bbox 152 1134 1430 1372">
    <p class='ocr_par' dir='ltr' id='par_1_12' title="bbox 152 1134 1430 1372">
     <span class='ocr_line' id='line_1_16' title="bbox 562 1134 1397 1200; baseline 0.002 -20"><span class='ocrx_word' id='word_1_59' title='bbox 562 1134 756 1181; x_wconf 87' lang='lat' dir='ltr'><strong>Utinam</strong></span> <span class='ocrx_word' id='word_1_60' title='bbox 774 1135 892 1181; x_wconf 90' lang='lat' dir='ltr'><strong>istuc</strong></span> <span class='ocrx_word' id='word_1_61' title='bbox 908 1135 1062 1200; x_wconf 89' lang='lat' dir='ltr'>pugni</span> <span class='ocrx_word' id='word_1_62' title='bbox 1079 1134 1291 1182; x_wconf 88' lang='lat' dir='ltr'><strong>fecissent</strong></span> <span class='ocrx_word' id='word_1_63' title='bbox 1307 1136 1397 1182; x_wconf 77' lang='lat' dir='ltr'><strong>tui,</strong></span> 
     </span>
     <span class='ocr_line' id='line_1_17' title="bbox 503 1209 1319 1268; baseline 0 -2"><span class='ocrx_word' id='word_1_64' title='bbox 503 1233 548 1266; x_wconf 88' lang='lat' dir='ltr'>M</span> <span class='ocrx_word' id='word_1_65' title='bbox 582 1233 613 1265; x_wconf 84' lang='lat' dir='ltr'><strong>E</strong></span> <span class='ocrx_word' id='word_1_66' title='bbox 647 1234 681 1266; x_wconf 94' lang='lat' dir='ltr'>R</span> <span class='ocrx_word' id='word_1_67' title='bbox 715 1234 742 1266; x_wconf 92' lang='lat' dir='ltr'><strong>c</strong></span> <span class='ocrx_word' id='word_1_68' title='bbox 777 1235 812 1267; x_wconf 88' lang='lat' dir='ltr'>U</span> <span class='ocrx_word' id='word_1_69' title='bbox 848 1235 881 1268; x_wconf 91' lang='lat' dir='ltr'>R</span> <span class='ocrx_word' id='word_1_70' title='bbox 916 1235 936 1267; x_wconf 92' lang='lat'>1</span> <span class='ocrx_word' id='word_1_71' title='bbox 972 1234 1008 1266; x_wconf 89' lang='lat' dir='ltr'>U</span> <span class='ocrx_word' id='word_1_72' title='bbox 1043 1234 1081 1267; x_wconf 91' lang='lat' dir='ltr'><strong>s.</strong></span> <span class='ocrx_word' id='word_1_73' title='bbox 1315 1209 1319 1213; x_wconf 53' lang='grc'><strong>”</strong></span> 
     </span>
     <span class='ocr_line' id='line_1_18' title="bbox 152 1305 1430 1372; baseline 0 -17"><span class='ocrx_word' id='word_1_74' title='bbox 152 1307 254 1372; x_wconf 87' lang='lat' dir='ltr'><strong>Ego</strong></span> <span class='ocrx_word' id='word_1_75' title='bbox 272 1322 377 1353; x_wconf 90' lang='lat' dir='ltr'><strong>sum</strong></span> <span class='ocrx_word' id='word_1_76' title='bbox 394 1305 521 1352; x_wconf 86' lang='lat' dir='ltr'><strong>Sosia</strong></span> <span class='ocrx_word' id='word_1_77' title='bbox 540 1306 619 1351; x_wconf 87' lang='lat' dir='ltr'><strong>ille</strong></span> <span class='ocrx_word' id='word_1_78' title='bbox 638 1321 787 1367; x_wconf 91' lang='lat' dir='ltr'><strong>quem</strong></span> <span class='ocrx_word' id='word_1_79' title='bbox 803 1317 860 1352; x_wconf 89' lang='lat' dir='ltr'><strong>tu</strong></span> <span class='ocrx_word' id='word_1_80' title='bbox 871 1305 1165 1371; x_wconf 83' lang='lat' dir='ltr'><strong>jamdudum</strong></span> <span class='ocrx_word' id='word_1_81' title='bbox 1192 1324 1286 1354; x_wconf 87' lang='lat' dir='ltr'><strong>esse</strong></span> <span class='ocrx_word' id='word_1_82' title='bbox 1306 1307 1430 1354; x_wconf 79' lang='lat' dir='ltr'><strong>aibas</strong></span> 
     </span>
    </p>
   </div>
   <div class='ocr_carea' id='block_1_13' title="bbox 162 1379 1436 1660">
    <p class='ocr_par' dir='ltr' id='par_1_13' title="bbox 162 1379 1436 1660">
     <span class='ocr_line' id='line_1_19' title="bbox 405 1379 535 1425; baseline -0.008 0"><span class='ocrx_word' id='word_1_83' title='bbox 405 1379 535 1425; x_wconf 88' lang='lat' dir='ltr'><strong>mihi.</strong></span> 
     </span>
     <span class='ocr_line' id='line_1_20' title="bbox 660 1464 950 1498; baseline -0.003 0"><span class='ocrx_word' id='word_1_84' title='bbox 660 1465 682 1498; x_wconf 91' lang='lat' dir='ltr'><strong>s</strong></span> <span class='ocrx_word' id='word_1_85' title='bbox 718 1466 750 1498; x_wconf 93' lang='lat' dir='ltr'><strong>o</strong></span> <span class='ocrx_word' id='word_1_86' title='bbox 789 1465 811 1498; x_wconf 88' lang='lat' dir='ltr'><em>s</em></span> <span class='ocrx_word' id='word_1_87' title='bbox 847 1465 869 1497; x_wconf 91' lang='lat'>1</span> <span class='ocrx_word' id='word_1_88' title='bbox 902 1464 950 1497; x_wconf 83' lang='lat' dir='ltr'><strong>A.</strong></span> 
     </span>
     <span class='ocr_line' id='line_1_21' title="bbox 162 1528 1436 1591; baseline 0.002 -17"><span class='ocrx_word' id='word_1_89' title='bbox 162 1528 370 1575; x_wconf 86' lang='lat' dir='ltr'><strong>Obsecro</strong></span> <span class='ocrx_word' id='word_1_90' title='bbox 396 1547 480 1591; x_wconf 88' lang='lat' dir='ltr'><strong>per</strong></span> <span class='ocrx_word' id='word_1_91' title='bbox 501 1547 668 1591; x_wconf 87' lang='lat' dir='ltr'><strong>pacem</strong></span> <span class='ocrx_word' id='word_1_92' title='bbox 696 1532 835 1576; x_wconf 88' lang='lat' dir='ltr'><strong>liceat</strong></span> <span class='ocrx_word' id='word_1_93' title='bbox 859 1542 908 1576; x_wconf 90' lang='lat' dir='ltr'><strong>te</strong></span> <span class='ocrx_word' id='word_1_94' title='bbox 930 1531 1143 1591; x_wconf 86' lang='lat' dir='ltr'><strong>alloqui,</strong></span> <span class='ocrx_word' id='word_1_95' title='bbox 1173 1541 1230 1576; x_wconf 86' lang='lat' dir='ltr'><strong>ut</strong></span> <span class='ocrx_word' id='word_1_96' title='bbox 1263 1545 1325 1576; x_wconf 89' lang='lat' dir='ltr'><strong>ne</strong></span> <span class='ocrx_word' id='word_1_97' title='bbox 1356 1547 1436 1578; x_wconf 45' lang='lat' dir='ltr'><strong>va*</strong></span> 
     </span>
     <span class='ocr_line' id='line_1_22' title="bbox 413 1602 591 1660; baseline 0.017 -17"><span class='ocrx_word' id='word_1_98' title='bbox 413 1602 591 1660; x_wconf 90' lang='lat' dir='ltr'><strong>pulem.</strong></span> 
     </span>
    </p>
   </div>
   <div class='ocr_carea' id='block_1_14' title="bbox 167 1692 1441 1895">
    <p class='ocr_par' dir='ltr' id='par_1_14' title="bbox 167 1692 1441 1895">
     <span class='ocr_line' id='line_1_23' title="bbox 512 1692 1091 1727; baseline 0.002 -2"><span class='ocrx_word' id='word_1_99' title='bbox 512 1693 557 1725; x_wconf 87' lang='lat' dir='ltr'>M</span> <span class='ocrx_word' id='word_1_100' title='bbox 590 1693 621 1726; x_wconf 75' lang='grc' dir='ltr'>Β</span> <span class='ocrx_word' id='word_1_101' title='bbox 655 1692 690 1725; x_wconf 95' lang='lat' dir='ltr'>R</span> <span class='ocrx_word' id='word_1_102' title='bbox 723 1693 751 1726; x_wconf 91' lang='lat' dir='ltr'><strong>c</strong></span> <span class='ocrx_word' id='word_1_103' title='bbox 786 1693 891 1726; x_wconf 27' lang='lat' dir='ltr'><strong>UJR</strong></span> <span class='ocrx_word' id='word_1_104' title='bbox 922 1693 946 1726; x_wconf 94' lang='lat'>1</span> <span class='ocrx_word' id='word_1_105' title='bbox 981 1693 1016 1725; x_wconf 83' lang='lat' dir='ltr'><strong>U</strong></span> <span class='ocrx_word' id='word_1_106' title='bbox 1052 1693 1091 1727; x_wconf 91' lang='lat' dir='ltr'><strong>s.</strong></span> 
     </span>
     <span class='ocr_line' id='line_1_24' title="bbox 167 1758 1441 1823; baseline 0.001 -19"><span class='ocrx_word' id='word_1_107' title='bbox 167 1758 323 1804; x_wconf 87' lang='lat' dir='ltr'><strong>Immo</strong></span> <span class='ocrx_word' id='word_1_108' title='bbox 340 1758 555 1805; x_wconf 85' lang='lat' dir='ltr'><strong>induciae</strong></span> <span class='ocrx_word' id='word_1_109' title='bbox 570 1776 826 1822; x_wconf 85' lang='lat' dir='ltr'><strong>parumper</strong></span> <span class='ocrx_word' id='word_1_110' title='bbox 846 1759 961 1806; x_wconf 89' lang='lat' dir='ltr'><strong>fiant</strong></span> <span class='ocrx_word' id='word_1_111' title='bbox 972 1794 987 1818; x_wconf 94' lang='lat'>,</span> <span class='ocrx_word' id='word_1_112' title='bbox 1009 1761 1046 1805; x_wconf 91' lang='lat' dir='ltr'><strong>si</strong></span> <span class='ocrx_word' id='word_1_113' title='bbox 1064 1759 1186 1822; x_wconf 88' lang='lat' dir='ltr'><strong>quid</strong></span> <span class='ocrx_word' id='word_1_114' title='bbox 1201 1762 1269 1808; x_wconf 86' lang='lat' dir='ltr'><strong>vis</strong></span> <span class='ocrx_word' id='word_1_115' title='bbox 1290 1761 1441 1823; x_wconf 88' lang='lat' dir='ltr'><strong>loqui.</strong></span> 
     </span>
     <span class='ocr_line' id='line_1_25' title="bbox 644 1862 940 1895; baseline 0 0"><span class='ocrx_word' id='word_1_116' title='bbox 644 1862 667 1895; x_wconf 92' lang='lat' dir='ltr'><strong>s</strong></span> <span class='ocrx_word' id='word_1_117' title='bbox 707 1862 739 1894; x_wconf 93' lang='lat' dir='ltr'><strong>o</strong></span> <span class='ocrx_word' id='word_1_118' title='bbox 777 1862 799 1895; x_wconf 90' lang='lat' dir='ltr'><strong>s</strong></span> <span class='ocrx_word' id='word_1_119' title='bbox 835 1862 858 1895; x_wconf 95' lang='lat'>1</span> <span class='ocrx_word' id='word_1_120' title='bbox 891 1862 940 1895; x_wconf 82' lang='grc' dir='ltr'><strong>Α.</strong></span> 
     </span>
    </p>
   </div>
   <div class='ocr_carea' id='block_1_15' title="bbox 170 1929 1448 2047">
    <p class='ocr_par' dir='ltr' id='par_1_15' title="bbox 170 1929 1448 2047">
     <span class='ocr_line' id='line_1_26' title="bbox 170 1929 1448 1995; baseline 0.001 -19"><span class='ocrx_word' id='word_1_121' title='bbox 170 1929 282 1976; x_wconf 89' lang='lat' dir='ltr'><strong>Non</strong></span> <span class='ocrx_word' id='word_1_122' title='bbox 309 1932 477 1991; x_wconf 74' lang='lat' dir='ltr'><strong>loquax</strong></span> <span class='ocrx_word' id='word_1_123' title='bbox 498 1931 586 1975; x_wconf 85' lang='lat' dir='ltr'><strong>nisi</strong></span> <span class='ocrx_word' id='word_1_124' title='bbox 604 1945 719 1990; x_wconf 86' lang='lat' dir='ltr'><strong>pace</strong></span> <span class='ocrx_word' id='word_1_125' title='bbox 747 1929 866 1976; x_wconf 89' lang='lat' dir='ltr'><strong>facta</strong></span> <span class='ocrx_word' id='word_1_126' title='bbox 879 1965 894 1988; x_wconf 86' lang='lat'><strong>,</strong></span> <span class='ocrx_word' id='word_1_127' title='bbox 929 1929 1124 1991; x_wconf 89' lang='lat' dir='ltr'><strong>quando</strong></span> <span class='ocrx_word' id='word_1_128' title='bbox 1144 1932 1317 1995; x_wconf 85' lang='lat' dir='ltr'><strong>pugnis</strong></span> <span class='ocrx_word' id='word_1_129' title='bbox 1339 1932 1448 1993; x_wconf 82' lang='lat' dir='ltr'><strong>plus</strong></span> 
     </span>
     <span class='ocr_line' id='line_1_27' title="bbox 427 2002 563 2047; baseline -0.007 0"><span class='ocrx_word' id='word_1_130' title='bbox 427 2002 563 2047; x_wconf 86' lang='lat' dir='ltr'><strong>vales.</strong></span> 
     </span>
    </p>
   </div>
   <div class='ocr_carea' id='block_1_16' title="bbox 177 2096 1093 2292">
    <p class='ocr_par' dir='ltr' id='par_1_16' title="bbox 177 2096 1093 2292">
     <span class='ocr_line' id='line_1_28' title="bbox 510 2096 1093 2132; baseline 0.002 -1"><span class='ocrx_word' id='word_1_131' title='bbox 510 2099 555 2131; x_wconf 89' lang='lat' dir='ltr'>M</span> <span class='ocrx_word' id='word_1_132' title='bbox 588 2099 618 2131; x_wconf 82' lang='lat' dir='ltr'><strong>E</strong></span> <span class='ocrx_word' id='word_1_133' title='bbox 652 2099 687 2131; x_wconf 92' lang='lat' dir='ltr'>R</span> <span class='ocrx_word' id='word_1_134' title='bbox 721 2099 747 2131; x_wconf 91' lang='lat' dir='ltr'><strong>c</strong></span> <span class='ocrx_word' id='word_1_135' title='bbox 786 2097 822 2129; x_wconf 83' lang='lat' dir='ltr'>U</span> <span class='ocrx_word' id='word_1_136' title='bbox 855 2096 890 2129; x_wconf 92' lang='lat' dir='ltr'>R</span> <span class='ocrx_word' id='word_1_137' title='bbox 923 2097 945 2129; x_wconf 95' lang='lat'>1</span> <span class='ocrx_word' id='word_1_138' title='bbox 980 2098 1016 2130; x_wconf 81' lang='lat' dir='ltr'>U</span> <span class='ocrx_word' id='word_1_139' title='bbox 1051 2099 1093 2132; x_wconf 87' lang='lat' dir='ltr'><strong>s.</strong></span> 
     </span>
     <span class='ocr_line' id='line_1_29' title="bbox 177 2162 1017 2226; baseline -0.002 -16"><span class='ocrx_word' id='word_1_140' title='bbox 177 2162 360 2223; x_wconf 84' lang='lat' dir='ltr'><strong>Dicito,</strong></span> <span class='ocrx_word' id='word_1_141' title='bbox 381 2166 416 2211; x_wconf 88' lang='lat' dir='ltr'><strong>si</strong></span> <span class='ocrx_word' id='word_1_142' title='bbox 434 2165 555 2226; x_wconf 90' lang='lat' dir='ltr'><strong>quid</strong></span> <span class='ocrx_word' id='word_1_143' title='bbox 574 2165 641 2212; x_wconf 85' lang='lat' dir='ltr'><strong>vis</strong></span> <span class='ocrx_word' id='word_1_144' title='bbox 657 2199 671 2222; x_wconf 83' lang='lat'>‚</span> <span class='ocrx_word' id='word_1_145' title='bbox 694 2180 796 2211; x_wconf 90' lang='lat' dir='ltr'><strong>non</strong></span> <span class='ocrx_word' id='word_1_146' title='bbox 817 2163 1017 2209; x_wconf 91' lang='lat' dir='ltr'><strong>nocebo.</strong></span> 
     </span>
     <span class='ocr_line' id='line_1_30' title="bbox 672 2258 966 2292; baseline 0.003 -2"><span class='ocrx_word' id='word_1_147' title='bbox 672 2258 696 2291; x_wconf 90' lang='lat' dir='ltr'><strong>s</strong></span> <span class='ocrx_word' id='word_1_148' title='bbox 734 2258 765 2290; x_wconf 95' lang='lat' dir='ltr'><strong>o</strong></span> <span class='ocrx_word' id='word_1_149' title='bbox 802 2258 825 2292; x_wconf 90' lang='lat' dir='ltr'><strong>s</strong></span> <span class='ocrx_word' id='word_1_150' title='bbox 861 2260 882 2291; x_wconf 91' lang='lat'>1</span> <span class='ocrx_word' id='word_1_151' title='bbox 916 2259 966 2292; x_wconf 86' lang='lat' dir='ltr'><strong>A.</strong></span> 
     </span>
    </p>
   </div>
   <div class='ocr_carea' id='block_1_17' title="bbox 858 2326 1324 2375">
    <p class='ocr_par' dir='ltr' id='par_1_17' title="bbox 858 2326 1324 2375">
     <span class='ocr_line' id='line_1_31' title="bbox 858 2326 1324 2375; baseline 0.011 -4"><span class='ocrx_word' id='word_1_152' title='bbox 858 2326 991 2372; x_wconf 90' lang='lat' dir='ltr'><strong>Tuae</strong></span> <span class='ocrx_word' id='word_1_153' title='bbox 1010 2326 1121 2374; x_wconf 87' lang='lat' dir='ltr'><strong>fidei</strong></span> <span class='ocrx_word' id='word_1_154' title='bbox 1144 2327 1287 2375; x_wconf 78' lang='lat' dir='ltr'><strong>credo</strong></span> <span class='ocrx_word' id='word_1_155' title='bbox 1301 2328 1324 2375; x_wconf 66' lang='grc' dir='ltr'><strong>Ξ)</strong></span> 
     </span>
    </p>
   </div>
   <div class='ocr_carea' id='block_1_18' title="bbox 532 2419 1456 2517">
    <p class='ocr_par' dir='ltr' id='par_1_18' title="bbox 532 2419 1456 2517">
     <span class='ocr_line' id='line_1_32' title="bbox 532 2419 1364 2516; baseline 0.002 -62"><span class='ocrx_word' id='word_1_156' title='bbox 532 2419 1107 2455; x_wconf 81' lang='lat' dir='ltr'>MERCURIUS.</span> <span class='ocrx_word' id='word_1_157' title='bbox 1308 2468 1364 2516; x_wconf 88' lang='lat' dir='ltr'>M</span> 
     </span>
     <span class='ocr_line' id='line_1_33' title="bbox 1365 2485 1456 2517; baseline -0.011 -1"><span class='ocrx_word' id='word_1_158' title='bbox 1365 2485 1456 2517; x_wconf 75' lang='lat' dir='ltr'><strong>eac.</strong></span> 
     </span>
    </p>
   </div>
  </div>
 </body>
</html>
