1650 2826
222 231 285 273 112·
509 218 1168 273 AMPHITRUO.
1343 246 1471 293 v.19

220 332 353 389 Nec,
377 345 587 393 aequom
607 346 732 378 anne
759 333 983 395 iniquom
1011 335 1239 397 imperet,
1268 338 1510 402 cogitabit.

219 408 345 471 E1go
369 405 420 452 in
443 406 667 452 servitute
691 417 926 468 expetunt
949 409 1102 455 multa
1123 410 1290 471 iniqua
1309 430 1323 456 ι

221 480 517 530 Habendum
534 493 582 527 et
604 481 858 528 ferendum
876 483 969 529 hoc
984 499 1105 529 onus
1123 495 1189 530 est
1203 501 1316 530 cum
1333 485 1508 531 labore.

581 582 625 615 M
660 583 689 614 E
726 582 759 615 R
795 584 820 615 c
857 556 961 616 U‘R
996 584 1017 616 1
1053 583 1087 616 U
1125 584 1163 618 S.

223 641 374 690 Satius
401 651 468 688 est
491 658 570 687 me
595 642 732 702 queri
753 642 836 687 illo
859 642 1008 688 modo
1032 644 1331 693 servitutem:
1362 645 1511 690 hodie

223 716 327 786 Qui
346 714 517 761 fuerim
538 715 682 772 liber,
708 731 821 760 eum
840 729 971 759 nunc
994 716 1168 775 potivit
1190 728 1322 778 pater

225 788 470 856 Servitutis
490 807 499 832 z
533 787 636 844 hic,
662 787 749 848 qui
770 802 916 833 verna
936 797 1073 833 natus
1096 799 1189 846 est,
1212 789 1439 850 queritur.

227 859 346 907 Sum
368 876 482 907 vero
503 875 651 907 verna
671 859 884 906 verbero.

723 952 746 985 s
782 954 814 986 ο
852 953 875 987 s
910 954 932 986 1
967 954 1015 987 A.

714 1012 930 1059 Numero
952 1015 1070 1060 mihi
1088 1015 1139 1060 in
1161 1027 1376 1062 mentem
1397 1015 1516 1073 fuit,

231 1088 332 1136 Diis
354 1087 688 1134 advenientem
705 1086 868 1151 gratias
886 1103 973 1147 pro
996 1087 1172 1134 meritis
1194 1104 1351 1153 agere,
1372 1098 1517 1148 atque

492 1159 688 1219 alloqui.
853 1162 860 1166 ’
1194 1158 1199 1163 ”
1261 1172 1266 1178 ·

233 1237 334 1283 Nae
356 1236 425 1282 illi
441 1270 456 1293 ,
481 1235 683 1296 edepol,
707 1235 743 1280 si
764 1235 935 1281 merito
965 1251 1077 1281 meo
1105 1234 1275 1282 referre
1297 1234 1518 1281 studeant

494 1318 655 1372 gratlas
671 1341 685 1364 ,

236 1381 465 1443 Aliquem
492 1379 743 1426 hominem
774 1381 1001 1445 allegent,
1040 1381 1127 1442 qui
1154 1381 1222 1425 mi
1250 1379 1523 1427 advenienti

498 1470 549 1499 os
573 1454 760 1499 occillet
781 1455 959 1515 probe:
1174 1463 1181 1468 “

240 1528 488 1598 Quoniam
525 1528 650 1574 bene
686 1544 809 1589 quae
831 1529 882 1574 in
904 1545 984 1574 me
1013 1528 1250 1585 fecerunt,
1274 1527 1450 1591 ingrata
1473 1542 1527 1572 ea

500 1599 648 1646 habui
670 1611 815 1661 atque
842 1601 992 1647 inrita.

589 1699 633 1731 M
668 1698 698 1730 Ε
734 1698 766 1730 R
803 1699 829 1730 c
866 1698 900 1730 U
937 1698 969 1730 R
1004 1698 1023 1730 1
1061 1697 1095 1729 U
1133 1697 1171 1729 s.

243 1759 372 1806 Facit
393 1759 499 1815 ille,
525 1758 663 1817 quod
694 1759 837 1822 volgo
870 1757 1001 1803 haud
1030 1758 1212 1814 solent,
1244 1766 1301 1801 ut
1333 1754 1452 1815 quid
1470 1769 1527 1800 *se

504 1831 561 1875 sit
584 1830 786 1893 dignum
808 1830 930 1875 sciat.

733 1924 758 1957 S
792 1925 824 1957 Ο
863 1924 884 1957 S
922 1925 942 1956 I
977 1923 1025 1956 A.

248 1993 403 2065 Quod
422 2007 694 2053 numquam
718 1991 939 2053 opinatus
961 1989 1054 2047 fui,
1079 2005 1241 2051 neque.
1262 1990 1377 2035 alius
1400 1989 1528 2050 quis-

510 2083 657 2128 quam
679 2082 858 2112 crvlum

251 2142 351 2188 Sibi
375 2153 661 2187 eventurum
676 2174 690 2197 ‚
722 2138 774 2184 id
796 2138 994 2202 contigit
1010 2172 1023 2196 ,
1052 2148 1108 2184 ut
1137 2137 1253 2184 salvi
1271 2137 1534 2198 potiremur

513 2215 730 2260 domum.

252 2289 465 2341 Victores
503 2289 635 2335 victis
675 2288 887 2336 hostibus
916 2289 1131 2356 'legiones
1167 2285 1422 2332 reveniunt
1444 2281 1532 2327 do‹

510 2378 649 2407 mum
664 2396 678 2419 ‚

256 2435 435 2484 Duello
481 2435 710 2481 exstincto
749 2451 978 2483 maxumo
998 2468 1012 2492 ⁷
1052 2445 1196 2494 atque
1241 2427 1534 2476 internecatis

514 2509 757 2560 hostibus;
