1650 2826
113 194 204 247 ις
404 176 690 226 ACTUS
745 177 847 224 IV.
906 176 1135 230 sc..11.
1333 187 1390 246 83

116 285 253 358 Quid
278 285 538 336 nunc.vis.?

453 370 489 402 A
523 369 567 403 M
603 368 631 402 P
668 366 701 400 H
737 365 757 399 Ι
794 366 825 399 Τ
861 367 893 400 R
930 366 970 401 U'
1001 369 1051 405 O.

208 436 489 484 Scelestefat
506 434 648 482 etiam
663 433 784 494 quid
798 434 1207 492 velim‚idtume
1225 439 1392 503 rogas?

451 535 495 568 M
530 535 560 567 Ε
596 535 628 567 R
664 533 690 565 C
728 532 762 566 U
798 535 831 568 R
866 534 886 566 1
923 534 957 567 U
995 533 1032 568 s.

111 606 182 656 Ita
193 621 320 670 rogo.
335 621 487 666 paene
503 603 718 666 effregisti
731 637 745 658 ‚
761 602 891 650 fatue
904 638 918 660 ‚
937 603 1115 650 foribus
1133 605 1358 652 casdines.

108 677 184 724 An
202 676 310 723 foris
328 677 542 723 censebas
559 676 695 721 nobis
718 676 973 737 publicitus
992 676 1275 737 praeberier.
1266 678 1286 711 Ρ

107 748 244 819 Quid
270 766 351 796 me
379 761 603 811 aspectas,
632 747 835 795 stolide?
861 748 982 808 quid
1010 765 1141 797 nunc
1165 751 1233 797 vis
1258 750 1375 801 tibi.
1362 752 1390 785 ἰ)
1410 755 1445 795 Ο

355 832 438 871 aut
459 820 564 882 quis
585 830 640 864 tu
666 835 710 866 es
738 818 923 867 homo?

446 921 1040 956 AMPHITRUO.

15 984 47 1050 ζμ.
103 997 335 1046 Verbero!
367 998 509 1045 etiam
535 999 640 1059 quis
666 1013 755 1062 ego
782 996 871 1042 sim
890 1013 968 1043 me
988 997 1156 1061 rogitas
1173 1032 1188 1056 ,
1219 1001 1385 1049 ulmo-

357 1086 468 1116 rum
497 1069 756 1115 acheruns?

54 1141 268 1217 Quem
291 1142 375 1204 pol
404 1158 490 1206 ego
518 1141 661 1188 hodie
684 1142 751 1188 ob
767 1144 939 1191 isthaec
962 1145 1088 1192 dicta
1106 1107 1274 1195 fac-iam
1291 1147 1391 1195 fer«

357 1225 553 1263 ventem
580 1213 743 1278 flagris.

443 1312 1023 1349 MERCURIUS.

100 1384 357 1449 Prodigum
372 1399 420 1431 te
445 1386 580 1432 fuisse
598 1399 787 1449 oportet
805 1384 989 1436 olinfln
1010 1392 1341 1443 adulescentia.
1389 1453 1393 1457 .

429 1485 1026 1528 AMPHITRUO,

105 1544 383 1614 Quidum?

449 1622 492 1655 M
525 1622 556 1654 Ε
591 1624 624 1657 R
658 1623 687 1660 G
722 1622 758 1657 U
792 1625 826 1676 R
860 1624 880 1656 1
918 1625 952 1658 U
988 1624 1027 1663 S.

282 1694 409 1766 Quia
423 1709 607 1745 senecta
622 1711 771 1748 aetate
787 1720 814 1748 a
829 1696 908 1750 nie
925 1706 1162 1755 mendicas
1175 1710 1373 1758 malum.

429 1793 467 1827 A
499 1794 543 1828 M
578 1796 607 1829 P
641 1797 676 1831 Η
710 1797 735 1831 1
770 1798 802 1831 T
836 1800 870 1834 R
905 1800 940 1838 U
975 1803 1026 1835 Ο.

97 1857 226 1906 Cu‘m
260 1860 466 1907 cruciatu
499 1873 586 1908 tuo
613 1863 785 1915 isthaec
819 1866 991 1926 hodie,
1021 1887 1195 1931 verna,
1230 1874 1375 1922 verba

441 2029 484 2063 M
519 2030 550 2062 Ε
585 2032 619 2064 R
653 2031 681 2063 c
717 2030 752 2065 U
788 2034 824 2067 R
856 2033 881 2070 Ι,
914 2034 949 2066 U
986 2034 1029 2070 S.

93 2091 325 2142 Sacrufico
346 2111 432 2160 ego
458 2097 560 2144 tibi.

430 2198 1041 2238 AMPHITRUO.

487 2267 627 2336 Qui?

448 2365 1030 2406 MERCURIUS.

552 2437 680 2508 Quia
701 2439 830 2485 enim
852 2450 898 2487 te
915 2452 1072 2488 macto
1072 2441 1368 2550 fini—ortuum

1127 2522 1153 2566 3
