1650 2826
251 194 335 230 112
487 171 1216 250 'AMPHITRUQ
1309 235 1311 237 ,
1414 174 1606 242 πηός,

587 293 1192 330 AMPHITRUO.
1644 275 1650 338 ’ἔ

245 366 589 441 Quishomo?
1644 365 1646 367 ’

698 461 1086 496 BROMIA.

413 545 638 593 Summus
655 545 911 607 imperator
933 546 1098 594 divom
1119 557 1265 608 atque
1277 545 1563 592 hominum·

493 617 730 678 Juppiter.
994 626 995 629 ’

243 693 290 741 Is
321 709 368 739 se
403 691 523 738 dixit
551 707 665 736 cum
693 689 960 741 Alcumena
989 693 1112 741 clam
1141 704 1427 753 consuetum
1456 710 1536 740 cu-

502 765 678 811 bilibus
700 799 713 822 ,

249 841 477 902 Eumque
496 838 652 884 filium
667 855 809 884 suum
826 856 919 886 esse
938 839 1024 900 qui
1046 839 1150 886 illos
1167 839 1330 904 anguis
1347 837 1533 887 vicerit:
1553 902 1557 904 ῃ

247 913 468 962 Alterum
490 924 635 958 tuum
660 929 753 958 esse
772 911 892 959 dixit
909 930 1130 974 puerum.

594 1015 630 1049 A
666 1015 709 1047 M
747 1017 774 1049 Ρ
812 1017 846 1050 Η
882 1017 901 1049 1
941 1017 971 1049 T
1008 1019 1041 1051 R
1078 1017 1113 1050 U
1150 1002 1198 1063 ‘07

921 1095 1008 1140 Pol
1034 1112 1114 1141 me
1136 1094 1268 1141 haud
1293 1094 1537 1156 poenitet,

249 1158 437 1221 Scilicet
455 1169 577 1218 boni
596 1168 852 1221 dimidium
870 1169 990 1214 mihi
1010 1169 1221 1215 dividere
1241 1185 1354 1217 cum
1365 1168 1502 1227 Jove.

248 1245 344 1292 Abi
378 1245 583 1290 domum
600 1276 612 1298 ,
638 1240 758 1304 jube
788 1258 893 1287 vasa
921 1258 1041 1302 pura
1074 1252 1293 1288 actutum
1325 1241 1541 1288 adomari

454 1318 461 1325 ’
503 1314 649 1371 mihi,

251 1391 316 1439 Ut
332 1389 462 1450 Jovis
493 1388 700 1450 supremi
730 1388 892 1434 multis
919 1388 1079 1433 hostiis
1110 1404 1279 1449 pacem
1305 1399 1538 1450 expetam.

251 1466 353 1530 Ego
393 1463 620 1510 Tiresiam
663 1463 984 1526 conjectorem
1019 1462 1263 1508 advocabo
1284 1497 1297 1520 ,
1330 1473 1379 1510 et
1410 1478 1541 1508 con-

508 1536 685 1591 sulam,

253 1610 392 1682 Quid
433 1609 713 1656 faciundum
755 1620 961 1659 censeat;
1005 1608 1146 1654 simul
1189 1609 1311 1657 hanc
1350 1625 1453 1657 rem
1485 1619 1541 1654 ut

511 1681 632 1728 facta
662 1682 717 1726 'st
745 1682 954 1743 eloquar.

255 1755 351 1802 Sed
377 1755 499 1816 quid
527 1755 652 1800 hoc?
686 1769 833 1814 quam
860 1755 1014 1800 valide
1048 1755 1235 1801 tonuit!
1268 1755 1380 1814 Dii,
1410 1754 1542 1800 obse-

509 1844 588 1874 cro
612 1838 819 1873 vostram
842 1827 988 1873 fidem
1008 1829 1017 1880 Ξ

607 1976 986 2026 SCENA
1076 1979 1174 2026 II.

645 2118 669 2159 J
708 2118 743 2152 U
781 2120 807 2151 P
848 2121 876 2154 P
914 2118 1001 2154 INT
1037 2120 1067 2154 E
1103 2121 1152 2154 R.
1548 2154 1569 2177 ⁹

257 2195 383 2306 Bo
398 2272 431 2304 N
447 2271 478 2304 o
515 2260 676 2305 animo
711 2275 755 2305 es
772 2295 786 2317 9
814 2276 967 2305 assum
996 2258 1173 2305 auxilio
1188 2290 1204 2314 ,
1220 2254 1507 2318 Amphitruo
1525 2291 1539 2316 ‚

513 2334 598 2379 tibi
627 2345 682 2379 et*
701 2334 819 2379 tuis:

259 2405 392 2452 Nihil
425 2417 491 2451 est
514 2409 651 2467 quod
678 2409 852 2454 timeas.
878 2408 1107 2463 hariolos,
1136 2405 1396 2467 haruspices

260 2478 402 2526 Mitte
425 2481 590 2527 omniS.
616 2498 738 2542 quae
766 2481 925 2527 futura
949 2491 995 2526 et
1021 2485 1143 2540 quae
1166 2478 1285 2525 facta
1300 2514 1314 2536 ,
1340 2479 1536 2540 eloquar
