<?xml version="1.0" encoding="UTF-8"?>
<!DOCTYPE html PUBLIC "-//W3C//DTD XHTML 1.0 Transitional//EN"
    "http://www.w3.org/TR/xhtml1/DTD/xhtml1-transitional.dtd">
<html xmlns="http://www.w3.org/1999/xhtml" xml:lang="en" lang="en">
 <head>
  <title>
</title>
<meta http-equiv="Content-Type" content="text/html;charset=utf-8" />
  <meta name='ocr-system' content='tesseract 3.04.00' />
  <meta name='ocr-capabilities' content='ocr_page ocr_carea ocr_par ocr_line ocrx_word'/>
</head>
<body>
  <div class='ocr_page' id='page_1' title='image "./comoediaesuperst01plauuoft_0354.png"; bbox 0 0 1650 2826; ppageno 0'>
   <div class='ocr_carea' id='block_1_1' title="bbox 215 221 1502 290">
    <p class='ocr_par' dir='ltr' id='par_1_1' title="bbox 215 221 1502 290">
     <span class='ocr_line' id='line_1_1' title="bbox 215 221 1502 290; baseline 0.003 -17"><span class='ocrx_word' id='word_1_1' title='bbox 215 242 308 287; x_wconf 86' lang='lat'>300</span> <span class='ocrx_word' id='word_1_2' title='bbox 545 221 1207 274; x_wconf 40' lang='lat' dir='ltr'>BACCHIDESf</span> <span class='ocrx_word' id='word_1_3' title='bbox 1361 239 1502 290; x_wconf 79' lang='lat' dir='ltr'><strong>v.55&#39;</strong></span> 
     </span>
    </p>
   </div>
   <div class='ocr_carea' id='block_1_2' title="bbox 700 345 1020 380">
    <p class='ocr_par' dir='ltr' id='par_1_2' title="bbox 700 345 1020 380">
     <span class='ocr_line' id='line_1_2' title="bbox 700 345 1020 380; baseline 0.013 -4"><span class='ocrx_word' id='word_1_4' title='bbox 700 345 1020 380; x_wconf 88' lang='lat' dir='ltr'><strong>LYDUS.</strong></span> 
     </span>
    </p>
   </div>
   <div class='ocr_carea' id='block_1_3' title="bbox 210 421 1485 638">
    <p class='ocr_par' dir='ltr' id='par_1_3' title="bbox 210 421 1485 638">
     <span class='ocr_line' id='line_1_3' title="bbox 211 421 1294 489; baseline 0.002 -20"><span class='ocrx_word' id='word_1_5' title='bbox 211 422 347 486; x_wconf 85' lang='lat' dir='ltr'>Pejor</span> <span class='ocrx_word' id='word_1_6' title='bbox 370 422 584 487; x_wconf 87' lang='lat' dir='ltr'>magister</span> <span class='ocrx_word' id='word_1_7' title='bbox 604 433 652 468; x_wconf 87' lang='lat' dir='ltr'>te</span> <span class='ocrx_word' id='word_1_8' title='bbox 677 422 814 467; x_wconf 86' lang='lat' dir='ltr'>istaec</span> <span class='ocrx_word' id='word_1_9' title='bbox 839 421 1003 468; x_wconf 90' lang='lat' dir='ltr'>docuit</span> <span class='ocrx_word' id='word_1_10' title='bbox 1021 458 1033 480; x_wconf 90' lang='lat'>‚</span> <span class='ocrx_word' id='word_1_11' title='bbox 1066 440 1166 469; x_wconf 91' lang='lat' dir='ltr'>non</span> <span class='ocrx_word' id='word_1_12' title='bbox 1194 441 1294 489; x_wconf 86' lang='lat' dir='ltr'>ego.</span> 
     </span>
     <span class='ocr_line' id='line_1_4' title="bbox 212 495 1403 558; baseline 0.003 -17"><span class='ocrx_word' id='word_1_13' title='bbox 212 496 376 541; x_wconf 88' lang='lat' dir='ltr'>Nimio</span> <span class='ocrx_word' id='word_1_14' title='bbox 413 511 457 540; x_wconf 91' lang='lat' dir='ltr'>es</span> <span class='ocrx_word' id='word_1_15' title='bbox 487 505 543 540; x_wconf 92' lang='lat' dir='ltr'>tu</span> <span class='ocrx_word' id='word_1_16' title='bbox 573 495 632 540; x_wconf 90' lang='lat' dir='ltr'>ad</span> <span class='ocrx_word' id='word_1_17' title='bbox 666 495 767 541; x_wconf 87' lang='lat' dir='ltr'>istas</span> <span class='ocrx_word' id='word_1_18' title='bbox 800 512 868 541; x_wconf 87' lang='lat' dir='ltr'>res</span> <span class='ocrx_word' id='word_1_19' title='bbox 897 496 1148 558; x_wconf 86' lang='lat' dir='ltr'>discipulus</span> <span class='ocrx_word' id='word_1_20' title='bbox 1178 498 1403 556; x_wconf 82' lang='lat' dir='ltr'>docilior,</span> 
     </span>
     <span class='ocr_line' id='line_1_5' title="bbox 210 567 1485 638; baseline 0.002 -24"><span class='ocrx_word' id='word_1_21' title='bbox 210 568 376 638; x_wconf 72' lang='lat' dir='ltr'>Quam</span> <span class='ocrx_word' id='word_1_22' title='bbox 399 567 460 615; x_wconf 87' lang='lat' dir='ltr'>ad</span> <span class='ocrx_word' id='word_1_23' title='bbox 477 567 555 613; x_wconf 90' lang='lat' dir='ltr'>illa</span> <span class='ocrx_word' id='word_1_24' title='bbox 575 584 698 628; x_wconf 88' lang='lat' dir='ltr'>quae</span> <span class='ocrx_word' id='word_1_25' title='bbox 716 579 764 613; x_wconf 89' lang='lat' dir='ltr'>te</span> <span class='ocrx_word' id='word_1_26' title='bbox 784 567 953 626; x_wconf 82' lang='lat' dir='ltr'>docui,</span> <span class='ocrx_word' id='word_1_27' title='bbox 973 570 1059 615; x_wconf 89' lang='lat' dir='ltr'>ubi</span> <span class='ocrx_word' id='word_1_28' title='bbox 1079 587 1270 631; x_wconf 84' lang='lat' dir='ltr'>operam</span> <span class='ocrx_word' id='word_1_29' title='bbox 1287 570 1485 634; x_wconf 61' lang='lat' dir='ltr'>perdidiss</span> 
     </span>
    </p>
   </div>
   <div class='ocr_carea' id='block_1_4' title="bbox 494 666 1187 703">
    <p class='ocr_par' dir='ltr' id='par_1_4' title="bbox 494 666 1187 703">
     <span class='ocr_line' id='line_1_6' title="bbox 494 666 1187 703; baseline 0.004 -3"><span class='ocrx_word' id='word_1_30' title='bbox 494 666 1187 703; x_wconf 85' lang='lat' dir='ltr'>PISTOCLERUS.</span> 
     </span>
    </p>
   </div>
   <div class='ocr_carea' id='block_1_5' title="bbox 209 738 1262 949">
    <p class='ocr_par' dir='ltr' id='par_1_5' title="bbox 209 738 1262 949">
     <span class='ocr_line' id='line_1_7' title="bbox 209 738 1226 805; baseline -0.005 -12"><span class='ocrx_word' id='word_1_31' title='bbox 209 748 466 794; x_wconf 87' lang='lat' dir='ltr'><strong>Istactenus</strong></span> <span class='ocrx_word' id='word_1_32' title='bbox 489 743 601 800; x_wconf 83' lang='lat' dir='ltr'>tibi,</span> <span class='ocrx_word' id='word_1_33' title='bbox 633 738 768 805; x_wconf 78' lang='lat' dir='ltr'>Lyde</span> <span class='ocrx_word' id='word_1_34' title='bbox 785 777 798 799; x_wconf 82' lang='grc'>,</span> <span class='ocrx_word' id='word_1_35' title='bbox 816 742 1001 787; x_wconf 87' lang='lat' dir='ltr'>libertas</span> <span class='ocrx_word' id='word_1_36' title='bbox 1030 741 1137 788; x_wconf 85' lang='lat' dir='ltr'>data</span> <span class='ocrx_word' id='word_1_37' title='bbox 1159 744 1226 788; x_wconf 88' lang='lat' dir='ltr'>’st.</span> 
     </span>
     <span class='ocr_line' id='line_1_8' title="bbox 209 815 1262 874; baseline -0.003 -9"><span class='ocrx_word' id='word_1_38' title='bbox 209 816 448 866; x_wconf 81' lang='lat' dir='ltr'>Orationis</span> <span class='ocrx_word' id='word_1_39' title='bbox 478 815 580 861; x_wconf 89' lang='lat' dir='ltr'>satis</span> <span class='ocrx_word' id='word_1_40' title='bbox 609 826 687 860; x_wconf 90' lang='lat' dir='ltr'>est.</span> <span class='ocrx_word' id='word_1_41' title='bbox 713 830 907 874; x_wconf 81' lang='lat' dir='ltr'>sequere</span> <span class='ocrx_word' id='word_1_42' title='bbox 935 830 1012 859; x_wconf 91' lang='lat' dir='ltr'>me</span> <span class='ocrx_word' id='word_1_43' title='bbox 1031 848 1046 870; x_wconf 87' lang='lat'>‚</span> <span class='ocrx_word' id='word_1_44' title='bbox 1071 830 1124 859; x_wconf 90' lang='lat' dir='ltr'>ac</span> <span class='ocrx_word' id='word_1_45' title='bbox 1148 825 1262 862; x_wconf 87' lang='lat' dir='ltr'>tace.</span> 
     </span>
     <span class='ocr_line' id='line_1_9' title="bbox 707 896 1026 949; baseline -0.003 -1"><span class='ocrx_word' id='word_1_46' title='bbox 707 917 738 948; x_wconf 88' lang='lat' dir='ltr'>L</span> <span class='ocrx_word' id='word_1_47' title='bbox 777 896 826 948; x_wconf 77' lang='lat' dir='ltr'>Y&#39;</span> <span class='ocrx_word' id='word_1_48' title='bbox 845 917 880 949; x_wconf 88' lang='lat' dir='ltr'>D</span> <span class='ocrx_word' id='word_1_49' title='bbox 916 916 952 948; x_wconf 85' lang='lat' dir='ltr'><strong>U</strong></span> <span class='ocrx_word' id='word_1_50' title='bbox 988 914 1026 948; x_wconf 89' lang='lat' dir='ltr'>s.</span> 
     </span>
    </p>
   </div>
   <div class='ocr_carea' id='block_1_6' title="bbox 208 985 1453 1133">
    <p class='ocr_par' dir='ltr' id='par_1_6' title="bbox 208 985 1453 1133">
     <span class='ocr_line' id='line_1_10' title="bbox 208 985 1338 1051; baseline -0.006 -15"><span class='ocrx_word' id='word_1_51' title='bbox 208 990 396 1051; x_wconf 81' lang='lat' dir='ltr'>Edepol</span> <span class='ocrx_word' id='word_1_52' title='bbox 427 988 572 1034; x_wconf 88' lang='lat' dir='ltr'>fecisti</span> <span class='ocrx_word' id='word_1_53' title='bbox 600 987 782 1033; x_wconf 89' lang='lat' dir='ltr'>furtum</span> <span class='ocrx_word' id='word_1_54' title='bbox 811 986 860 1030; x_wconf 89' lang='lat' dir='ltr'>in</span> <span class='ocrx_word' id='word_1_55' title='bbox 893 995 1094 1030; x_wconf 84' lang='lat' dir='ltr'>aetatem</span> <span class='ocrx_word' id='word_1_56' title='bbox 1122 985 1304 1030; x_wconf 86' lang='lat' dir='ltr'>malum</span> <span class='ocrx_word' id='word_1_57' title='bbox 1323 1018 1338 1040; x_wconf 91' lang='lat'><strong><em>‚</em></strong></span> 
     </span>
     <span class='ocr_line' id='line_1_11' title="bbox 209 1057 1453 1133; baseline -0.006 -24"><span class='ocrx_word' id='word_1_58' title='bbox 209 1064 379 1133; x_wconf 74' lang='lat' dir='ltr'>Quom</span> <span class='ocrx_word' id='word_1_59' title='bbox 405 1061 542 1107; x_wconf 86' lang='lat' dir='ltr'>istaec</span> <span class='ocrx_word' id='word_1_60' title='bbox 572 1059 745 1124; x_wconf 83' lang='lat' dir='ltr'>flagitia</span> <span class='ocrx_word' id='word_1_61' title='bbox 764 1075 842 1104; x_wconf 90' lang='lat' dir='ltr'>me</span> <span class='ocrx_word' id='word_1_62' title='bbox 862 1057 1095 1114; x_wconf 79' lang='lat' dir='ltr'>celavisti,</span> <span class='ocrx_word' id='word_1_63' title='bbox 1119 1068 1166 1102; x_wconf 88' lang='lat' dir='ltr'>et</span> <span class='ocrx_word' id='word_1_64' title='bbox 1188 1069 1384 1118; x_wconf 87' lang='lat' dir='ltr'>patrem.</span> <span class='ocrx_word' id='word_1_65' title='bbox 1450 1111 1453 1114; x_wconf 26' lang='grc' dir='ltr'>Ι</span> 
     </span>
    </p>
   </div>
   <div class='ocr_carea' id='block_1_7' title="bbox 488 1187 1167 1235">
    <p class='ocr_par' dir='ltr' id='par_1_7' title="bbox 488 1187 1167 1235">
     <span class='ocr_line' id='line_1_12' title="bbox 488 1187 1167 1235; baseline -0.003 0"><span class='ocrx_word' id='word_1_66' title='bbox 488 1187 954 1235; x_wconf 73' lang='grc' dir='ltr'><em>8οΕ,ΝΑ</em></span> <span class='ocrx_word' id='word_1_67' title='bbox 1052 1188 1167 1233; x_wconf 88' lang='grc' dir='ltr'>ΙΙ.</span> 
     </span>
    </p>
   </div>
   <div class='ocr_carea' id='block_1_8' title="bbox 563 1291 1212 1354">
    <p class='ocr_par' dir='ltr' id='par_1_8' title="bbox 563 1291 1212 1354">
     <span class='ocr_line' id='line_1_13' title="bbox 563 1291 1212 1354; baseline -0.003 0"><span class='ocrx_word' id='word_1_68' title='bbox 563 1291 1212 1354; x_wconf 65' lang='grc' dir='ltr'>οΗΒΥεΑιυε.Δ</span> 
     </span>
    </p>
   </div>
   <div class='ocr_carea' id='block_1_9' title="bbox 207 1380 1484 2014">
    <p class='ocr_par' dir='ltr' id='par_1_9' title="bbox 207 1380 1484 1723">
     <span class='ocr_line' id='line_1_14' title="bbox 210 1380 1431 1509; baseline -0.001 -16"><span class='ocrx_word' id='word_1_69' title='bbox 210 1380 500 1493; x_wconf 83' lang='lat' dir='ltr'>HERILIS</span> <span class='ocrx_word' id='word_1_70' title='bbox 525 1445 699 1507; x_wconf 74' lang='lat' dir='ltr'>patria,</span> <span class='ocrx_word' id='word_1_71' title='bbox 731 1446 883 1491; x_wconf 85' lang='lat' dir='ltr'>salve!</span> <span class='ocrx_word' id='word_1_72' title='bbox 911 1462 1058 1506; x_wconf 88' lang='lat' dir='ltr'>quam</span> <span class='ocrx_word' id='word_1_73' title='bbox 1090 1460 1178 1509; x_wconf 89' lang='lat' dir='ltr'>ego</span> <span class='ocrx_word' id='word_1_74' title='bbox 1207 1445 1431 1502; x_wconf 86' lang='lat' dir='ltr'>biennio,</span> 
     </span>
     <span class='ocr_line' id='line_1_15' title="bbox 208 1517 1484 1579; baseline 0.002 -17"><span class='ocrx_word' id='word_1_75' title='bbox 208 1518 469 1578; x_wconf 90' lang='lat' dir='ltr'>Postquam</span> <span class='ocrx_word' id='word_1_76' title='bbox 480 1518 590 1563; x_wconf 88' lang='lat' dir='ltr'>hinc</span> <span class='ocrx_word' id='word_1_77' title='bbox 607 1518 656 1563; x_wconf 89' lang='lat' dir='ltr'>in</span> <span class='ocrx_word' id='word_1_78' title='bbox 671 1518 912 1579; x_wconf 89' lang='lat' dir='ltr'>Ephesum</span> <span class='ocrx_word' id='word_1_79' title='bbox 927 1517 1038 1574; x_wconf 81' lang='lat' dir='ltr'>abii,</span> <span class='ocrx_word' id='word_1_80' title='bbox 1051 1517 1288 1578; x_wconf 88' lang='lat' dir='ltr'>conspicio</span> <span class='ocrx_word' id='word_1_81' title='bbox 1302 1519 1484 1567; x_wconf 86' lang='lat' dir='ltr'>lubens.</span> 
     </span>
     <span class='ocr_line' id='line_1_16' title="bbox 208 1588 1482 1651; baseline -0.001 -17"><span class='ocrx_word' id='word_1_82' title='bbox 208 1588 372 1635; x_wconf 84' lang='lat' dir='ltr'>Saluto</span> <span class='ocrx_word' id='word_1_83' title='bbox 394 1600 441 1634; x_wconf 91' lang='lat' dir='ltr'>te</span> <span class='ocrx_word' id='word_1_84' title='bbox 455 1624 468 1646; x_wconf 84' lang='lat'>‚</span> <span class='ocrx_word' id='word_1_85' title='bbox 490 1590 643 1635; x_wconf 88' lang='lat' dir='ltr'>vicine</span> <span class='ocrx_word' id='word_1_86' title='bbox 670 1589 844 1651; x_wconf 89' lang='lat' dir='ltr'>Apollo</span> <span class='ocrx_word' id='word_1_87' title='bbox 861 1624 874 1646; x_wconf 80' lang='lat'>,</span> <span class='ocrx_word' id='word_1_88' title='bbox 899 1589 983 1649; x_wconf 89' lang='lat' dir='ltr'>qui</span> <span class='ocrx_word' id='word_1_89' title='bbox 1005 1588 1198 1634; x_wconf 87' lang='lat' dir='ltr'>aedibus</span> <span class='ocrx_word' id='word_1_90' title='bbox 1478 1600 1482 1603; x_wconf 57' lang='lat'><em>⁴</em></span> 
     </span>
     <span class='ocr_line' id='line_1_17' title="bbox 207 1662 1357 1723; baseline 0 -16"><span class='ocrx_word' id='word_1_91' title='bbox 207 1663 512 1723; x_wconf 87' lang='lat' dir='ltr'>Propinquus</span> <span class='ocrx_word' id='word_1_92' title='bbox 538 1663 703 1708; x_wconf 88' lang='lat' dir='ltr'>nostris</span> <span class='ocrx_word' id='word_1_93' title='bbox 734 1662 899 1708; x_wconf 86' lang='lat' dir='ltr'>accolis</span> <span class='ocrx_word' id='word_1_94' title='bbox 917 1696 930 1719; x_wconf 89' lang='lat'><strong>,</strong></span> <span class='ocrx_word' id='word_1_95' title='bbox 961 1678 1256 1722; x_wconf 84' lang='lat' dir='ltr'>venerorque</span> <span class='ocrx_word' id='word_1_96' title='bbox 1284 1673 1357 1719; x_wconf 85' lang='lat' dir='ltr'>te,</span> 
     </span>
    </p>

    <p class='ocr_par' dir='ltr' id='par_1_10' title="bbox 207 1734 1309 1790">
     <span class='ocr_line' id='line_1_18' title="bbox 207 1734 1309 1790; baseline 0 -12"><span class='ocrx_word' id='word_1_97' title='bbox 207 1734 282 1778; x_wconf 85' lang='lat' dir='ltr'>Ne</span> <span class='ocrx_word' id='word_1_98' title='bbox 309 1735 604 1780; x_wconf 87' lang='lat' dir='ltr'>Nicobulum</span> <span class='ocrx_word' id='word_1_99' title='bbox 638 1751 716 1779; x_wconf 90' lang='lat' dir='ltr'>me</span> <span class='ocrx_word' id='word_1_100' title='bbox 740 1734 881 1790; x_wconf 85' lang='lat' dir='ltr'>sinas,</span> <span class='ocrx_word' id='word_1_101' title='bbox 903 1746 1119 1780; x_wconf 87' lang='lat' dir='ltr'>nostrum</span> <span class='ocrx_word' id='word_1_102' title='bbox 1149 1750 1309 1779; x_wconf 88' lang='lat' dir='ltr'>senem</span> 
     </span>
    </p>

    <p class='ocr_par' dir='ltr' id='par_1_11' title="bbox 207 1797 1394 2014">
     <span class='ocr_line' id='line_1_19' title="bbox 207 1797 1306 1867; baseline 0.003 -17"><span class='ocrx_word' id='word_1_103' title='bbox 207 1806 338 1851; x_wconf 86' lang='lat' dir='ltr'>Prius</span> <span class='ocrx_word' id='word_1_104' title='bbox 373 1797 626 1852; x_wconf 82' lang='lat' dir='ltr'>convenire</span> <span class='ocrx_word' id='word_1_105' title='bbox 646 1841 659 1864; x_wconf 83' lang='grc'>,</span> <span class='ocrx_word' id='word_1_106' title='bbox 693 1824 839 1867; x_wconf 90' lang='lat' dir='ltr'>quam</span> <span class='ocrx_word' id='word_1_107' title='bbox 870 1806 1079 1852; x_wconf 84' lang='lat' dir='ltr'>sodalem</span> <span class='ocrx_word' id='word_1_108' title='bbox 1106 1798 1306 1853; x_wconf 81' lang='lat' dir='ltr'>viderim</span> 
     </span>
     <span class='ocr_line' id='line_1_20' title="bbox 207 1872 1394 1940; baseline 0.002 -16"><span class='ocrx_word' id='word_1_109' title='bbox 207 1878 487 1924; x_wconf 88' lang='lat' dir='ltr'>Mnesilochi</span> <span class='ocrx_word' id='word_1_110' title='bbox 521 1879 830 1925; x_wconf 82' lang='lat' dir='ltr'>Pistoclerum</span> <span class='ocrx_word' id='word_1_111' title='bbox 849 1913 862 1936; x_wconf 82' lang='lat'>‚</span> <span class='ocrx_word' id='word_1_112' title='bbox 887 1895 1035 1939; x_wconf 89' lang='lat' dir='ltr'>quern</span> <span class='ocrx_word' id='word_1_113' title='bbox 1060 1872 1120 1924; x_wconf 75' lang='lat' dir='ltr'>ad</span> <span class='ocrx_word' id='word_1_114' title='bbox 1149 1879 1394 1940; x_wconf 87' lang='lat' dir='ltr'>epistolam</span> 
     </span>
     <span class='ocr_line' id='line_1_21' title="bbox 208 1952 1290 2014; baseline -0.001 -16"><span class='ocrx_word' id='word_1_115' title='bbox 208 1952 525 1999; x_wconf 89' lang='lat' dir='ltr'>Mnesilochus</span> <span class='ocrx_word' id='word_1_116' title='bbox 557 1953 685 1999; x_wconf 89' lang='lat' dir='ltr'>misit</span> <span class='ocrx_word' id='word_1_117' title='bbox 718 1970 856 2014; x_wconf 88' lang='lat' dir='ltr'>super</span> <span class='ocrx_word' id='word_1_118' title='bbox 878 1953 1026 1999; x_wconf 87' lang='lat' dir='ltr'>amica</span> <span class='ocrx_word' id='word_1_119' title='bbox 1047 1953 1290 1999; x_wconf 89' lang='lat' dir='ltr'>Bacchide.</span> 
     </span>
    </p>
   </div>
   <div class='ocr_carea' id='block_1_10' title="bbox 221 2089 1416 2274">
    <p class='ocr_par' dir='ltr' id='par_1_12' title="bbox 221 2089 1416 2274">
     <span class='ocr_line' id='line_1_22' title="bbox 515 2089 1254 2137; baseline -0.003 -1"><span class='ocrx_word' id='word_1_120' title='bbox 515 2089 922 2137; x_wconf 86' lang='lat' dir='ltr'><em>SCENA</em></span> <span class='ocrx_word' id='word_1_121' title='bbox 1009 2090 1168 2136; x_wconf 91' lang='lat' dir='ltr'><strong><em>III.</em></strong></span> <span class='ocrx_word' id='word_1_122' title='bbox 1232 2089 1254 2093; x_wconf 54' lang='lat'>‘⁴</span> 
     </span>
     <span class='ocr_line' id='line_1_23' title="bbox 221 2200 1416 2274; baseline 0.003 -39"><span class='ocrx_word' id='word_1_123' title='bbox 221 2200 1416 2274; x_wconf 48' lang='lat' dir='ltr'><em>.PISTOCLERUS,CHRYSALU5</em></span> 
     </span>
    </p>
   </div>
   <div class='ocr_carea' id='block_1_11' title="bbox 504 2312 1194 2348">
    <p class='ocr_par' dir='ltr' id='par_1_13' title="bbox 504 2312 1194 2348">
     <span class='ocr_line' id='line_1_24' title="bbox 504 2312 1194 2348; baseline 0 -3"><span class='ocrx_word' id='word_1_124' title='bbox 504 2312 1194 2348; x_wconf 85' lang='lat' dir='ltr'><strong>PISTOCLERUS.</strong></span> 
     </span>
    </p>
   </div>
   <div class='ocr_carea' id='block_1_12' title="bbox 209 2361 1482 2559">
    <p class='ocr_par' dir='ltr' id='par_1_14' title="bbox 209 2361 1482 2559">
     <span class='ocr_line' id='line_1_25' title="bbox 209 2361 1482 2490; baseline 0.002 -17"><span class='ocrx_word' id='word_1_125' title='bbox 209 2361 491 2490; x_wconf 81' lang='lat' dir='ltr'>MIRUM</span> <span class='ocrx_word' id='word_1_126' title='bbox 521 2429 599 2484; x_wconf 81' lang='lat' dir='ltr'>’st,</span> <span class='ocrx_word' id='word_1_127' title='bbox 631 2446 736 2487; x_wconf 83' lang='lat' dir='ltr'>me,</span> <span class='ocrx_word' id='word_1_128' title='bbox 764 2442 819 2478; x_wconf 91' lang='lat' dir='ltr'>ut</span> <span class='ocrx_word' id='word_1_129' title='bbox 844 2430 1061 2486; x_wconf 85' lang='lat' dir='ltr'>redeam,</span> <span class='ocrx_word' id='word_1_130' title='bbox 1090 2439 1137 2475; x_wconf 87' lang='lat' dir='ltr'>te</span> <span class='ocrx_word' id='word_1_131' title='bbox 1173 2443 1314 2488; x_wconf 87' lang='lat' dir='ltr'>opere</span> <span class='ocrx_word' id='word_1_132' title='bbox 1347 2438 1482 2475; x_wconf 79' lang='lat' dir='ltr'>tanto</span> 
     </span>
     <span class='ocr_line' id='line_1_26' title="bbox 462 2515 709 2559; baseline 0.004 -15"><span class='ocrx_word' id='word_1_133' title='bbox 462 2515 680 2559; x_wconf 82' lang='lat' dir='ltr'>quaesere</span> <span class='ocrx_word' id='word_1_134' title='bbox 697 2536 709 2557; x_wconf 85' lang='lat'>‚</span> 
     </span>
    </p>
   </div>
  </div>
 </body>
</html>
