1650 2826
165 620 283 683 1613

160 843 287 938 1615

169 1008 293 1058 1616

172 1138 291 1191 1617

169 1226 329 1274 ¹··-:·

264 2490 359 2544 Vol.

382 179 1055 236 mEDITIONEs
1237 189 1429 227 :nnn

349 294 550 344 editioni
571 289 991 339 Taubmannianae
1014 287 1061 333 ΙΙ
1077 321 1090 343 ,
1113 286 1265 349 prima
1294 298 1345 333 et
1357 286 1432 333 111

350 357 640 413 accuratiori,
670 355 809 402 etiam
825 354 1053 400 Gruterus
1080 352 1131 397 in
1157 368 1230 412 ep.
1248 352 1309 397 ad
1325 351 1431 397 Pic-

351 418 531 472 cartum
552 421 609 467 T.
626 419 696 466 IV
715 419 960 465 amoenitt.
986 417 1151 462 literar.
1179 416 1434 463 Schelhor-

349 488 481 549 niip.
501 501 590 546 532
620 501 667 530 se
693 485 909 530 ultimam
936 497 1134 528 manum
1157 481 1434 543 imposuisse

345 552 507 600 scribit
530 566 602 596 an.
628 549 763 595 1618.

356 616 523 664 Witteb.
555 629 626 661 12.
642 638 708 649 --
735 609 975 660 Comoediae
1000 610 1092 657 XX
1109 614 1357 677 superstites
1378 609 1438 655 ad

349 685 552 750 majorem
578 680 700 725 illam
718 690 761 723 et
778 679 929 725 noviss.
956 677 1261 724 Taubmanni
1288 676 1437 722 editio-

349 764 444 795 nem
445 745 642 810 fideliter
656 754 1010 808 repraesentatae.
1023 742 1153 806 Apud
1169 740 1436 799 Zachariam

350 811 622 858 Schurerum.
796 808 799 809 ⁷

356 874 671 937 Magdeburgi.
716 872 759 918 8.
804 872 860 917 In
898 872 1052 918 Plauti
1092 871 1439 921 Trinummum

359 957 531 987 comm.
551 937 795 1001 Henningi
812 937 1017 983 Succovii.

356 1004 564 1066 Lugduni
573 1038 589 1051 ,
626 1019 671 1062 4.
706 1002 766 1046 in·
789 1000 998 1063 Corpore
1033 1009 1282 1064 poetarum
1312 1002 1441 1049 Lati-

352 1085 541 1116 norum.
822 1092 827 1095 ·

360 1131 669 1197 Francofurti,
699 1146 769 1177 12.
797 1147 837 1177 c.
860 1147 907 1177 n.
931 1132 1133 1179 Gruteri.

359 1199 541 1262 Neapoli
575 1197 803 1243 Nemetum
832 1197 1098 1257 (Neostadii
1129 1199 1189 1244 ad
1219 1198 1440 1262 Hartam)

362 1279 422 1323 4.·
442 1262 561 1308 Phil.
589 1261 721 1307 Parei
745 1261 904 1307 Electa
933 1262 1173 1314 Plautina3
1204 1264 1349 1310 editio
1380 1266 1442 1310 11.

365 1327 594 1387 cfi-supra
623 1325 683 1371 ad
716 1342 789 1371 an.
829 1342 844 1372 1
856 1340 964 1385 597.
995 1326 1145 1373 Bilem
1181 1329 1294 1375 haec
1322 1329 1445 1375 adeo

360 1392 706 1439 concitaverant
728 1390 849 1448 Jano
882 1391 1114 1449 Grutero,
1153 1394 1267 1454 (qui
1300 1393 1446 1438 Pareo

362 1458 537 1503 iterum
548 1456 768 1500 Plautum
782 1472 923 1501 suum
933 1491 945 1511 ‚
962 1473 1175 1517 eumque
1189 1473 1301 1502 cum
1313 1456 1448 1503 MSS.

369 1521 479 1567 Pan.
514 1520 741 1565 collatum
765 1519 903 1564 edere
931 1521 1115 1566 volenti
1140 1521 1301 1581 potius
1330 1537 1449 1567 con-

366 1586 593 1637 suluerat·‚
609 1593 666 1627 ut
677 1582 1094 1629 Taubmannianae
1104 1585 1150 1629 11
1167 1585 1450 1631 adhaereret.

372 1647 433 1694 cf.
452 1647 708 1693 Gruterum
734 1646 793 1690 ad
812 1647 1072 1693 Piccarturn
1088 1649 1139 1694 in
1153 1647 1451 1696 Schelhornii

372 1711 634 1759 Amoenitt.
656 1711 744 1755 litt.
771 1710 829 1755 T.
850 1712 936 1768 IV,
958 1729 1006 1773 p.
1026 1715 1150 1775 432)
1182 1724 1236 1759 ut
1265 1715 1449 1777 gravius

374 1777 554 1824 librum
585 1776 782 1838 ejusque
818 1789 1061 1823 auctorem
1090 1778 1421 1843 perstringeret
1435 1813 1453 1837 ,

374 1861 484 1896 tum
504 1850 556 1897 in
575 1840 822 1910 Ἀπιλῆψει
851 1849 1147 1914 Erfordiana,
1181 1863 1287 1897 tum
1318 1852 1368 1896 in
1395 1853 1456 1897 li-

377 1914 538 1972 bello,
561 1916 645 1976 qui
671 1915 958 1961 inscribitur:
993 1916 1121 1960 Asini
1147 1916 1328 1962 Cumani
1340 1915 1455 1963 Fra-

379 1980 571 2025 terculus
599 1997 621 2025 e
649 1979 802 2024 Plauti
828 1979 991 2024 Electis
1016 1980 1173 2025 electus
1189 1998 1270 2044 per
1300 1980 1457 2027 Eusta·

378 2042 519 2087 ‘thium
537 2042 848 2090 Schwarzium
869 2043 1088 2087 Puerum.
1117 2045 1257 2103 1619,
1282 2061 1349 2092 12.
1370 2046 1458 2091 Re-

382 2107 579 2166 spondit
587 2108 753 2153 Pareus
767 2123 867 2152 non
880 2108 1035 2152 minus
1054 2109 1220 2154 acerbe
1237 2109 1287 2154 in
1299 2110 1458 2157 Provo⁴

381 2172 550 2217 catione
566 2171 625 2217 ad
636 2172 842 2218 Senatum
862 2174 1079 2220 criticum,
1101 2173 1300 2219 adversus
1317 2190 1462 2239 perso-

387 2246 514 2280 natos
528 2235 727 2299 quosdam
734 2236 1098 2298 Pareomastigas.
1108 2236 1311 2303 Francos.
1328 2255 1346 2285 1
1355 2241 1462 2288 620.

387 2296 480 2344 An.
521 2300 642 2358 1614
668 2300 835 2346 Pareus
878 2301 1019 2346 etiam
1049 2302 1254 2348 Lexicon
1288 2305 1463 2351 Plauti-

387 2378 511 2409 num
537 2366 806 2428 vulgaverat
828 2363 1123 2411 Francofurti
1156 2368 1199 2412 8.
1230 2369 1367 2427 quod
1394 2385 1464 2413 se-

392 2428 559 2475 cundis
604 2430 724 2478 curis
769 2430 950 2478 auctius
995 2430 1176 2491 prodiit
1221 2432 1467 2481 Hanoviae

371 2492 429 2538 „L
1180 2510 1207 2543 c
