1650 2826
229 164 318 221 382
536 156 1182 212 *BACCHIDES
1370 169 1507 226 πιεῖν

618 285 648 317 Β
684 285 718 317 A
754 285 780 317 c
817 285 844 317 c
880 286 914 317 Η
950 286 969 318 1
1008 286 1030 319 s
1098 287 1133 319 Ι.

234 352 624 422 Quidtandem,
657 353 693 398 si
721 353 977 399 dimidium
1007 355 1107 400 auri
1139 355 1385 402 redditur?
1411 357 1512 404 isne

481 437 537 471 tu
565 427 652 472 hac
682 443 876 472 mecum

231 499 364 545 Intro
381 532 395 556 ,
414 508 559 559 atque
579 510 633 544 ut
651 498 712 543 eis
738 499 908 544 delicta
927 499 1132 563 ignoscas
1152 501 1174 545 Ξ)

552 589 1202 626 PHILOXENUS.

1342 654 1511 700 Faciet.

590 735 1165 770 NICOBULUS.

231 807 447 854 Minime.
475 806 591 850 nolo
609 839 621 862 ‚
650 804 720 850 nil
742 821 914 850 moror.
942 805 1040 851 sine
1057 805 1133 851 sic.
1159 807 1286 853 malo
1313 806 1417 854 illos
1443 809 1516 853 ul-

491 877 597 923 cisci
623 877 783 922 ambo.

563 968 1250 1007 P.H1LOXENUS.‘

236 1043 393 1090 Etiam
415 1052 471 1087 tu
486 1041 636 1085 homo
657 1039 793 1084 nihili
809 1074 822 1096 ‚
849 1040 986 1100 quod
1007 1040 1089 1086 Dii
1113 1041 1228 1088 dant
1245 1042 1380 1100 boni,
1405 1059 1515 1090 cave
1553 1058 1556 1059 ⁷

489 1113 628 1173 culpa
656 1123 738 1157 tua
767 1112 952 1158 amissis.

237 1187 508 1234 Dimidium
550 1186 649 1231 auri
691 1185 856 1242 datur,
893 1185 1086 1247 accipias
1104 1221 1118 1243 ‚
1155 1197 1420 1249 potesque,
1455 1199 1503 1234 et

490 1270 699 1305 scortum
725 1259 986 1305 accumbaS.

592 1353 624 1385 N
664 1352 684 1384 Ι
722 1352 748 1385 C
789 1352 820 1384 O
860 1353 887 1384 B
925 1353 959 1385 U
995 1353 1025 1385 L
1060 1352 1095 1384 U
1133 1351 1170 1386 S-

240 1422 387 1486 Egon’
407 1456 420 1478 ,
440 1421 527 1467 ubi
552 1413 675 1466 filius
696 1430 1039 1481 conrumpatur
1055 1436 1214 1478 meus,
1232 1420 1299 1467 ibi
1315 1432 1481 1482 potem
1495 1420 1517 1464 Ρ

548 1513 576 1546 Ρ
615 1512 650 1545 Η
684 1511 704 1545 1
741 1513 770 1545 L
808 1513 840 1545 o
879 1512 915 1545 X
949 1513 979 1545 E
1017 1513 1050 1546 N
1087 1512 1122 1545 U
1161 1511 1199 1545 s.

824 1586 827 1588 ’
1150 1578 1423 1625 Potandum
1451 1579 1520 1624 ’st.

594 1673 629 1705 N
666 1672 686 1703 1
722 1672 750 1703 C
787 1670 818 1703 Ο
855 1670 884 1702 Β
921 1670 956 1702 U
991 1671 1021 1703 L
1058 1670 1093 1702 U
1130 1671 1169 1703 S.

243 1740 344 1804 Age
366 1739 465 1802 jam
490 1737 568 1806 id,
596 1748 652 1782 ut
681 1747 736 1782 ut
767 1748 862 1793 est,
891 1737 975 1782 etsi
1006 1748 1072 1782 est
1099 1736 1418 1794 dedecorum,
1441 1752 1522 1797 pa-

503 1811 617 1856 tiar:
646 1810 796 1856 facere
816 1811 1042 1856 inducam

242 1893 488 1941 Animum.
511 1891 645 1954 egon'
660 1925 674 1947 ‚
700 1907 854 1951 quom
877 1891 991 1937 haec
1017 1907 1129 1938 cum
1151 1891 1235 1937 illo
1253 1890 1518 1945 accumbet,

494 1966 755 2027 inspectem
773 1965 795 2010 Ξ)

630 2058 659 2090 Β
694 2057 729 2090 Α
765 2059 791 2090 c
828 2059 854 2091 c
891 2059 925 2091 Η
961 2059 981 2091 1
1017 2059 1038 2092 s
1117 2058 1152 2091 Ι.

798 2125 956 2170 Immo
987 2125 1215 2184 equidem
1245 2124 1330 2184 pol
1357 2132 1516 2167 tecum

247 2201 572 2248 Accumbam:
598 2212 646 2246 te
670 2199 840 2246 amabo
857 2233 870 2256 ‚
896 2210 943 2244 et
968 2210 1015 2244 te
1043 2194 1357 2257 amplexabor.

584 2294 617 2326 N
653 2295 672 2327 1
708 2294 735 2326 C
771 2293 803 2326 0
840 2292 869 2325 B
905 2292 939 2325 U
975 2292 1005 2324 L
1043 2289 1076 2321 U
1113 2288 1151 2322 S.

604 2360 605 2363 ’
1010 2355 1165 2415 Caput
1187 2350 1351 2413 prurit.
1375 2351 1517 2411 perii!

247 2433 343 2481 Vix
376 2432 551 2496 negito.

1640 2059 1650 2312 ...fi.<«*.-.-=1<...2...
1644 1955 1650 2013 -...
1648 1902 1650 1906 i
1648 1864 1650 1882 u.
1646 1810 1650 1824 ..
