1650 2826
242 224 348 269 >430
579 207 1247 266 CAPTEIVEL‘,
1411 233 1535 279 πμ

462 332 1326 372 ARISTOPHONTES.

248 405 433 471 Hegio,
451 401 563 450 vide
594 402 650 446 sis
666 436 679 459 ,
699 417 762 447 ne
787 402 910 463 quid
938 413 993 449 tu
1020 404 1135 450 huic
1164 415 1340 452 temere
1362 406 1539 454 insistas

503 474 705 522 credere.

247 552 440 614 Atque,
458 561 514 595 ut
528 548 759 666 pegpicio
771 582 785 606 ,
803 548 1050 610 profecto
1031 560 1132 614 jam
1148 551 1332 613 aliquid
1345 569 1541 618 pugnae

501 622 577 668 edi
631 631 651 666 t

248 698 425 745 Filium
438 707 583 742 tuum
602 693 742 755 quod
759 693 992 742 redimere
1008 712 1055 742 se
1072 697 1162 755 ait,
1180 697 1232 744 id
1247 700 1533 761 neutiquam

501 768 621 816 mihi
638 770 808 830 placet.
907 764 910 768 ’

627 862 658 895 Τ
694 863 727 895 Y
755 857 796 896 Ἡ
831 864 867 896 D
904 861 937 895 A
973 863 1006 896 R
1041 863 1076 895 U
1114 863 1151 897 s.

243 941 350 988 Scio
368 974 381 998 ,
404 950 451 985 te
469 937 521 983 id
545 935 676 982 nolle
706 934 829 980 fieri‘:
859 935 1055 980 efficiam
1087 946 1249 984 tamen
1278 954 1366 1004 ego
1392 938 1472 999 id,
1491 943 1529 988 si

498 1008 581 1054 Dii
605 1007 846 1071 adjuvant.

238 1087 386 1133 Illum
413 1082 657 1129 restituam
692 1079 835 1138 huie,
856 1081 933 1127 hic
965 1092 1128 1128 autem
1153 1081 1204 1128 in
1234 1080 1433 1134 Alidem
1444 1103 1525 1134 me

490 1172 600 1202 meo
634 1154 767 1216 patri.

236 1238 490 1297 Propterea
507 1230 567 1276 ad
584 1240 767 1291 patrem
789 1227 902 1273 hinc
918 1227 1049 1273 amisi
1066 1227 1366 1290 Tyndarum.

452 1326 1304 1364 ARISTOPHONTES.

1082 1398 1219 1469 Quin
1246 1411 1351 1448 tute
1378 1403 1414 1448 is
1441 1420 1517 1450 es:

231 1478 408 1539 Neque
431 1485 615 1537 praeter
644 1483 692 1519 te
716 1472 766 1518 in
782 1470 924 1518 Alide
951 1473 1076 1518 ullus
1104 1489 1258 1520 servos
1283 1475 1400 1525 istoc
1428 1493 1516 1525 no-

490 1564 622 1594 mme
645 1548 712 1593 ’st.
1252 1556 1262 1570 ·

609 1638 640 1670 Τ
677 1638 711 1671 Y
749 1637 783 1670 N
819 1637 854 1670 D
890 1637 925 1669 A
960 1638 994 1670 R
1032 1638 1068 1670 U
1105 1637 1143 1672 s.

229 1710 409 1774 Pergin'
437 1724 624 1755 servom
653 1723 732 1754 me
762 1707 1045 1768 exprobrare
1075 1704 1203 1766 esse,
1229 1707 1282 1755 id
1310 1706 1447 1770 quod
1463 1709 1514 1756 vi

481 1783 640 1828 hostili
667 1782 839 1846 obtigit
858 1782 879 1827 ?

444 1880 1286 1917 AR'ISTOPHONTES.

225 1950 482 1998 Enimvero
501 1951 602 2016 jam
620 1967 814 2013 nequeo
835 1951 1103 1997 contineri?

584 2048 615 2080 T
651 2048 685 2080 Y
723 2048 755 2080 N
794 2048 829 2080 D
866 2046 900 2078 A
935 2047 968 2079 R
1007 2046 1040 2078 U
1081 2045 1118 2079 s.

585 2116 742 2162 Heus!
765 2116 924 2162 audin'
946 2115 1068 2176 quid
1094 2116 1190 2161 ait?
1209 2115 1328 2176 quin
1346 2112 1462 2175 fugis
1478 2110 1502 2157 Ξ)

225 2189 330 2247 Jam
362 2190 456 2236 illic
479 2190 557 2239 hic
585 2206 673 2236 nos
695 2188 941 2237 insectabit
963 2188 1199 2250 lapidibus
1214 2222 1229 2247 ‚
1252 2186 1339 2234 nisi
1362 2185 1499 2229 illum

473 2263 615 2326 jubes

225 2332 576 2395 Conprehendi.

436 2425 1277 2464 ARISTOPHONTES.

481 2496 686 2542 Crucior.
