<?xml version="1.0" encoding="UTF-8"?>
<!DOCTYPE html PUBLIC "-//W3C//DTD XHTML 1.0 Transitional//EN"
    "http://www.w3.org/TR/xhtml1/DTD/xhtml1-transitional.dtd">
<html xmlns="http://www.w3.org/1999/xhtml" xml:lang="en" lang="en">
 <head>
  <title>
</title>
<meta http-equiv="Content-Type" content="text/html;charset=utf-8" />
  <meta name='ocr-system' content='tesseract 3.04.00' />
  <meta name='ocr-capabilities' content='ocr_page ocr_carea ocr_par ocr_line ocrx_word'/>
</head>
<body>
  <div class='ocr_page' id='page_1' title='image "./comoediaesuperst01plauuoft_0451.png"; bbox 0 0 1650 2826; ppageno 0'>
   <div class='ocr_carea' id='block_1_1' title="bbox 0 1567 53 2826">
    <p class='ocr_par' dir='ltr' id='par_1_1' title="bbox 0 1567 53 2826">
     <span class='ocr_line' id='line_1_1' title="bbox 0 1567 53 2826; baseline 0 0"><span class='ocrx_word' id='word_1_1' title='bbox 0 1567 53 2826; x_wconf 95' lang='lat' dir='ltr'><strong> </strong></span> 
     </span>
    </p>
   </div>
   <div class='ocr_carea' id='block_1_2' title="bbox 157 177 1421 252">
    <p class='ocr_par' dir='ltr' id='par_1_2' title="bbox 157 177 1421 252">
     <span class='ocr_line' id='line_1_2' title="bbox 157 177 1421 252; baseline -0.004 -13"><span class='ocrx_word' id='word_1_2' title='bbox 157 206 295 251; x_wconf 78' lang='lat' dir='ltr'><strong>v.54</strong></span> <span class='ocrx_word' id='word_1_3' title='bbox 466 177 755 236; x_wconf 41' lang='lat' dir='ltr'>A&#39;CTUS</span> <span class='ocrx_word' id='word_1_4' title='bbox 804 188 841 234; x_wconf 92' lang='grc' dir='ltr'><strong>Ι.</strong></span> <span class='ocrx_word' id='word_1_5' title='bbox 891 185 998 235; x_wconf 91' lang='lat' dir='ltr'><strong>SC.</strong></span> <span class='ocrx_word' id='word_1_6' title='bbox 1050 186 1127 234; x_wconf 90' lang='lat'><strong>11.</strong></span> <span class='ocrx_word' id='word_1_7' title='bbox 1331 204 1421 252; x_wconf 79' lang='lat'><strong>397</strong></span> 
     </span>
    </p>
   </div>
   <div class='ocr_carea' id='block_1_3' title="bbox 154 299 1337 741">
    <p class='ocr_par' dir='ltr' id='par_1_3' title="bbox 154 299 1337 741">
     <span class='ocr_line' id='line_1_3' title="bbox 158 299 1318 366; baseline 0 -16"><span class='ocrx_word' id='word_1_8' title='bbox 158 305 297 366; x_wconf 90' lang='lat' dir='ltr'><strong>Opus</strong></span> <span class='ocrx_word' id='word_1_9' title='bbox 321 303 629 360; x_wconf 82' lang='lat' dir='ltr'><strong>Turdetanis,</strong></span> <span class='ocrx_word' id='word_1_10' title='bbox 656 299 779 364; x_wconf 58' lang='lat' dir='ltr'><strong>&#39;opus</strong></span> <span class='ocrx_word' id='word_1_11' title='bbox 807 314 874 349; x_wconf 89' lang='lat' dir='ltr'><strong>est</strong></span> <span class='ocrx_word' id='word_1_12' title='bbox 904 302 1318 350; x_wconf 84' lang='lat' dir='ltr'><strong>Ficedulensibus:</strong></span> 
     </span>
     <span class='ocr_line' id='line_1_4' title="bbox 154 375 1337 437; baseline -0.001 -14"><span class='ocrx_word' id='word_1_13' title='bbox 154 377 263 436; x_wconf 88' lang='lat' dir='ltr'><strong>Jam</strong></span> <span class='ocrx_word' id='word_1_14' title='bbox 292 376 532 423; x_wconf 80' lang='lat' dir='ltr'>maritumi</span> <span class='ocrx_word' id='word_1_15' title='bbox 562 391 726 421; x_wconf 71' lang='lat' dir='ltr'><strong>omnes</strong></span> <span class='ocrx_word' id='word_1_16' title='bbox 755 375 924 421; x_wconf 86' lang='lat' dir='ltr'>milites</span> <span class='ocrx_word' id='word_1_17' title='bbox 953 392 1073 437; x_wconf 87' lang='lat' dir='ltr'><strong>opus</strong></span> <span class='ocrx_word' id='word_1_18' title='bbox 1100 387 1210 421; x_wconf 90' lang='lat' dir='ltr'><strong>sunt</strong></span> <span class='ocrx_word' id='word_1_19' title='bbox 1235 376 1337 422; x_wconf 83' lang='lat' dir='ltr'><strong>tibi.</strong></span> 
     </span>
     <span class='ocr_line' id='line_1_5' title="bbox 508 473 1079 525; baseline 0.002 -17"><span class='ocrx_word' id='word_1_20' title='bbox 508 473 1079 525; x_wconf 16' lang='lat' dir='ltr'>ERGASXILUS.</span> 
     </span>
     <span class='ocr_line' id='line_1_6' title="bbox 158 543 1294 608; baseline -0.002 -17"><span class='ocrx_word' id='word_1_21' title='bbox 158 543 223 591; x_wconf 93' lang='lat' dir='ltr'><strong>Ut</strong></span> <span class='ocrx_word' id='word_1_22' title='bbox 245 559 379 605; x_wconf 82' lang='lat' dir='ltr'><strong>saepe</strong></span> <span class='ocrx_word' id='word_1_23' title='bbox 404 559 588 589; x_wconf 84' lang='lat' dir='ltr'><strong>summa</strong></span> <span class='ocrx_word' id='word_1_24' title='bbox 616 543 800 608; x_wconf 86' lang='lat' dir='ltr'><strong>ingenia</strong></span> <span class='ocrx_word' id='word_1_25' title='bbox 822 543 873 588; x_wconf 90' lang='lat' dir='ltr'><strong>in</strong></span> <span class='ocrx_word' id='word_1_26' title='bbox 902 544 1092 589; x_wconf 90' lang='lat' dir='ltr'><strong>occulto</strong></span> <span class='ocrx_word' id='word_1_27' title='bbox 1119 544 1294 589; x_wconf 84' lang='lat' dir='ltr'><strong>latent!</strong></span> 
     </span>
     <span class='ocr_line' id='line_1_7' title="bbox 155 614 1232 677; baseline 0.001 -16"><span class='ocrx_word' id='word_1_28' title='bbox 155 615 249 661; x_wconf 85' lang='lat' dir='ltr'><strong>Hic</strong></span> <span class='ocrx_word' id='word_1_29' title='bbox 277 614 425 676; x_wconf 86' lang='lat' dir='ltr'><strong>qualis</strong></span> <span class='ocrx_word' id='word_1_30' title='bbox 446 614 725 676; x_wconf 85' lang='lat' dir='ltr'><strong>imperator,</strong></span> <span class='ocrx_word' id='word_1_31' title='bbox 747 631 876 661; x_wconf 90' lang='lat' dir='ltr'><strong>nunc</strong></span> <span class='ocrx_word' id='word_1_32' title='bbox 903 616 1110 677; x_wconf 84' lang='lat' dir='ltr'><strong>privatus</strong></span> <span class='ocrx_word' id='word_1_33' title='bbox 1137 618 1232 662; x_wconf 87' lang='lat' dir='ltr'><strong>est!</strong></span> 
     </span>
     <span class='ocr_line' id='line_1_8' title="bbox 577 707 952 741; baseline 0 -1"><span class='ocrx_word' id='word_1_34' title='bbox 577 707 582 709; x_wconf 79' lang='grc'><strong><em>·</em></strong></span> <span class='ocrx_word' id='word_1_35' title='bbox 643 709 676 740; x_wconf 82' lang='grc' dir='ltr'>Η</span> <span class='ocrx_word' id='word_1_36' title='bbox 714 709 742 740; x_wconf 79' lang='grc' dir='ltr'><strong>Ε</strong></span> <span class='ocrx_word' id='word_1_37' title='bbox 780 709 812 741; x_wconf 87' lang='lat' dir='ltr'>G</span> <span class='ocrx_word' id='word_1_38' title='bbox 848 708 867 740; x_wconf 94' lang='lat'>1</span> <span class='ocrx_word' id='word_1_39' title='bbox 905 709 952 741; x_wconf 93' lang='grc' dir='ltr'><strong>ο.</strong></span> 
     </span>
    </p>
   </div>
   <div class='ocr_carea' id='block_1_4' title="bbox 155 774 1427 892">
    <p class='ocr_par' dir='ltr' id='par_1_4' title="bbox 155 774 1427 892">
     <span class='ocr_line' id='line_1_9' title="bbox 155 774 1427 823; baseline 0 -1"><span class='ocrx_word' id='word_1_40' title='bbox 155 775 296 823; x_wconf 86' lang='lat' dir='ltr'><strong>Habe</strong></span> <span class='ocrx_word' id='word_1_41' title='bbox 317 775 467 821; x_wconf 91' lang='lat' dir='ltr'><strong>modo</strong></span> <span class='ocrx_word' id='word_1_42' title='bbox 488 775 678 821; x_wconf 90' lang='lat' dir='ltr'><strong>bonum</strong></span> <span class='ocrx_word' id='word_1_43' title='bbox 696 774 925 820; x_wconf 87' lang='lat' dir='ltr'><strong>animum.</strong></span> <span class='ocrx_word' id='word_1_44' title='bbox 945 790 1056 820; x_wconf 90' lang='lat' dir='ltr'><strong>nam</strong></span> <span class='ocrx_word' id='word_1_45' title='bbox 1074 774 1213 821; x_wconf 90' lang='lat' dir='ltr'><strong>illum</strong></span> <span class='ocrx_word' id='word_1_46' title='bbox 1236 774 1427 822; x_wconf 88' lang='lat' dir='ltr'><strong>confido</strong></span> 
     </span>
     <span class='ocr_line' id='line_1_10' title="bbox 201 846 613 892; baseline 0.007 -3"><span class='ocrx_word' id='word_1_47' title='bbox 201 852 203 855; x_wconf 81' lang='grc'><strong>“</strong></span> <span class='ocrx_word' id='word_1_48' title='bbox 412 846 613 892; x_wconf 91' lang='lat' dir='ltr'><strong>domum</strong></span> 
     </span>
    </p>
   </div>
   <div class='ocr_carea' id='block_1_5' title="bbox 152 918 1015 965">
    <p class='ocr_par' dir='ltr' id='par_1_5' title="bbox 152 918 1015 965">
     <span class='ocr_line' id='line_1_11' title="bbox 152 918 1015 965; baseline -0.001 0"><span class='ocrx_word' id='word_1_49' title='bbox 152 919 213 965; x_wconf 85' lang='lat' dir='ltr'><strong>In</strong></span> <span class='ocrx_word' id='word_1_50' title='bbox 238 919 309 965; x_wconf 78' lang='lat' dir='ltr'><strong>his</strong></span> <span class='ocrx_word' id='word_1_51' title='bbox 338 918 503 964; x_wconf 90' lang='lat' dir='ltr'><strong>diebus</strong></span> <span class='ocrx_word' id='word_1_52' title='bbox 533 935 612 964; x_wconf 89' lang='lat' dir='ltr'><strong>me</strong></span> <span class='ocrx_word' id='word_1_53' title='bbox 638 918 1015 965; x_wconf 84' lang='lat' dir='ltr'><strong>reconciliassere.</strong></span> 
     </span>
    </p>
   </div>
   <div class='ocr_carea' id='block_1_6' title="bbox 153 991 1429 1120">
    <p class='ocr_par' dir='ltr' id='par_1_6' title="bbox 153 991 1429 1120">
     <span class='ocr_line' id='line_1_12' title="bbox 153 991 1429 1054; baseline 0.001 -16"><span class='ocrx_word' id='word_1_54' title='bbox 153 991 278 1039; x_wconf 90' lang='lat' dir='ltr'><strong>Nam</strong></span> <span class='ocrx_word' id='word_1_55' title='bbox 308 1008 475 1039; x_wconf 89' lang='lat' dir='ltr'><strong>eccum</strong></span> <span class='ocrx_word' id='word_1_56' title='bbox 508 992 773 1054; x_wconf 87' lang='lat' dir='ltr'><strong>capteivom</strong></span> <span class='ocrx_word' id='word_1_57' title='bbox 801 993 877 1038; x_wconf 88' lang='lat' dir='ltr'><strong>hic</strong></span> <span class='ocrx_word' id='word_1_58' title='bbox 900 992 1249 1039; x_wconf 86' lang='lat' dir='ltr'><strong>adulescentem</strong></span> <span class='ocrx_word' id='word_1_59' title='bbox 1273 993 1429 1039; x_wconf 90' lang='lat' dir='ltr'><strong>habeo</strong></span> 
     </span>
     <span class='ocr_line' id='line_1_13' title="bbox 406 1064 598 1120; baseline -0.005 -11"><span class='ocrx_word' id='word_1_60' title='bbox 406 1064 567 1109; x_wconf 89' lang='lat' dir='ltr'><strong>Alium</strong></span> <span class='ocrx_word' id='word_1_61' title='bbox 584 1098 598 1120; x_wconf 90' lang='lat'>,</span> 
     </span>
    </p>
   </div>
   <div class='ocr_carea' id='block_1_7' title="bbox 151 1136 1423 1503">
    <p class='ocr_par' dir='ltr' id='par_1_7' title="bbox 151 1136 1423 1503">
     <span class='ocr_line' id='line_1_14' title="bbox 153 1136 1423 1199; baseline -0.001 -17"><span class='ocrx_word' id='word_1_62' title='bbox 153 1136 444 1199; x_wconf 84' lang='lat' dir='ltr'><strong>Prognatum</strong></span> <span class='ocrx_word' id='word_1_63' title='bbox 479 1152 647 1199; x_wconf 85' lang='lat' dir='ltr'><strong>genere</strong></span> <span class='ocrx_word' id='word_1_64' title='bbox 677 1152 891 1193; x_wconf 86' lang='lat' dir='ltr'><strong>summo,</strong></span> <span class='ocrx_word' id='word_1_65' title='bbox 925 1148 972 1182; x_wconf 92' lang='lat' dir='ltr'><strong>et</strong></span> <span class='ocrx_word' id='word_1_66' title='bbox 1004 1137 1199 1184; x_wconf 85' lang='lat' dir='ltr'><strong>summis</strong></span> <span class='ocrx_word' id='word_1_67' title='bbox 1225 1137 1423 1184; x_wconf 84' lang='lat' dir='ltr'><strong>divitiis:</strong></span> 
     </span>
     <span class='ocr_line' id='line_1_15' title="bbox 155 1209 1130 1265; baseline 0.002 -11"><span class='ocrx_word' id='word_1_68' title='bbox 155 1209 265 1254; x_wconf 91' lang='lat' dir='ltr'><strong>Hoc</strong></span> <span class='ocrx_word' id='word_1_69' title='bbox 295 1209 433 1253; x_wconf 90' lang='lat' dir='ltr'><strong>illum</strong></span> <span class='ocrx_word' id='word_1_70' title='bbox 460 1225 539 1252; x_wconf 88' lang='lat' dir='ltr'><strong>me</strong></span> <span class='ocrx_word' id='word_1_71' title='bbox 561 1219 773 1265; x_wconf 82' lang='lat' dir='ltr'><strong>mutare,</strong></span> <span class='ocrx_word' id='word_1_72' title='bbox 801 1209 993 1255; x_wconf 87' lang='lat' dir='ltr'><strong>confido</strong></span> <span class='ocrx_word' id='word_1_73' title='bbox 1016 1209 1130 1256; x_wconf 89' lang='lat' dir='ltr'><strong>fore.</strong></span> 
     </span>
     <span class='ocr_line' id='line_1_16' title="bbox 507 1309 1071 1345; baseline 0.005 -4"><span class='ocrx_word' id='word_1_74' title='bbox 507 1310 537 1342; x_wconf 78' lang='lat' dir='ltr'>E</span> <span class='ocrx_word' id='word_1_75' title='bbox 571 1310 604 1341; x_wconf 92' lang='lat' dir='ltr'>R</span> <span class='ocrx_word' id='word_1_76' title='bbox 641 1309 672 1341; x_wconf 91' lang='lat' dir='ltr'><strong>G</strong></span> <span class='ocrx_word' id='word_1_77' title='bbox 708 1310 743 1342; x_wconf 90' lang='lat' dir='ltr'>A</span> <span class='ocrx_word' id='word_1_78' title='bbox 780 1310 802 1344; x_wconf 88' lang='lat' dir='ltr'>S</span> <span class='ocrx_word' id='word_1_79' title='bbox 839 1311 861 1343; x_wconf 93' lang='lat'>1</span> <span class='ocrx_word' id='word_1_80' title='bbox 896 1311 927 1344; x_wconf 87' lang='lat' dir='ltr'>L</span> <span class='ocrx_word' id='word_1_81' title='bbox 963 1311 997 1343; x_wconf 90' lang='lat' dir='ltr'>U</span> <span class='ocrx_word' id='word_1_82' title='bbox 1033 1311 1071 1345; x_wconf 85' lang='lat' dir='ltr'><strong>S.</strong></span> 
     </span>
     <span class='ocr_line' id='line_1_17' title="bbox 151 1375 771 1438; baseline -0.005 -14"><span class='ocrx_word' id='word_1_83' title='bbox 151 1379 225 1424; x_wconf 83' lang='lat' dir='ltr'><strong>Ita</strong></span> <span class='ocrx_word' id='word_1_84' title='bbox 248 1377 332 1424; x_wconf 78' lang='lat' dir='ltr'><strong>Dii</strong></span> <span class='ocrx_word' id='word_1_85' title='bbox 355 1377 582 1438; x_wconf 83' lang='lat' dir='ltr'><strong>Deaeque</strong></span> <span class='ocrx_word' id='word_1_86' title='bbox 611 1375 771 1422; x_wconf 82' lang='lat' dir='ltr'><strong>faxint.</strong></span> 
     </span>
     <span class='ocr_line' id='line_1_18' title="bbox 632 1470 944 1503; baseline -0.003 0"><span class='ocrx_word' id='word_1_87' title='bbox 632 1471 667 1503; x_wconf 82' lang='grc' dir='ltr'><strong>Η</strong></span> <span class='ocrx_word' id='word_1_88' title='bbox 701 1471 731 1503; x_wconf 82' lang='grc' dir='ltr'><strong>Ε</strong></span> <span class='ocrx_word' id='word_1_89' title='bbox 769 1470 801 1503; x_wconf 88' lang='lat' dir='ltr'><strong>G</strong></span> <span class='ocrx_word' id='word_1_90' title='bbox 836 1471 856 1502; x_wconf 92' lang='lat'>1</span> <span class='ocrx_word' id='word_1_91' title='bbox 895 1471 944 1502; x_wconf 92' lang='lat' dir='ltr'><strong>o.</strong></span> 
     </span>
    </p>
   </div>
   <div class='ocr_carea' id='block_1_8' title="bbox 155 1536 1305 1657">
    <p class='ocr_par' dir='ltr' id='par_1_8' title="bbox 155 1536 1305 1657">
     <span class='ocr_line' id='line_1_19' title="bbox 780 1536 1305 1598; baseline 0 -16"><span class='ocrx_word' id='word_1_92' title='bbox 780 1536 874 1583; x_wconf 89' lang='lat' dir='ltr'><strong>Sed</strong></span> <span class='ocrx_word' id='word_1_93' title='bbox 902 1553 1021 1582; x_wconf 90' lang='lat' dir='ltr'><strong>num</strong></span> <span class='ocrx_word' id='word_1_94' title='bbox 1053 1553 1153 1598; x_wconf 91' lang='lat' dir='ltr'><strong>quo</strong></span> <span class='ocrx_word' id='word_1_95' title='bbox 1186 1536 1305 1583; x_wconf 85' lang='lat' dir='ltr'><strong>foras</strong></span> 
     </span>
     <span class='ocr_line' id='line_1_20' title="bbox 155 1609 725 1657; baseline -0.004 0"><span class='ocrx_word' id='word_1_96' title='bbox 155 1610 341 1657; x_wconf 90' lang='lat' dir='ltr'><strong>Vocatu</strong></span> <span class='ocrx_word' id='word_1_97' title='bbox 357 1610 391 1656; x_wconf 89' lang='lat' dir='ltr'><strong>’s</strong></span> <span class='ocrx_word' id='word_1_98' title='bbox 415 1609 476 1655; x_wconf 88' lang='lat' dir='ltr'><strong>ad</strong></span> <span class='ocrx_word' id='word_1_99' title='bbox 495 1609 725 1656; x_wconf 86' lang='lat' dir='ltr'><strong>coenam?</strong></span> 
     </span>
    </p>
   </div>
   <div class='ocr_carea' id='block_1_9' title="bbox 156 1699 1444 2134">
    <p class='ocr_par' dir='ltr' id='par_1_9' title="bbox 156 1699 1444 2134">
     <span class='ocr_line' id='line_1_21' title="bbox 462 1699 1074 1734; baseline 0.002 -2"><span class='ocrx_word' id='word_1_100' title='bbox 462 1707 465 1709; x_wconf 92' lang='grc'><strong><em>’</em></strong></span> <span class='ocrx_word' id='word_1_101' title='bbox 506 1700 537 1732; x_wconf 83' lang='grc' dir='ltr'>Ε</span> <span class='ocrx_word' id='word_1_102' title='bbox 571 1702 606 1733; x_wconf 83' lang='lat' dir='ltr'>R</span> <span class='ocrx_word' id='word_1_103' title='bbox 643 1701 676 1734; x_wconf 89' lang='lat' dir='ltr'>G</span> <span class='ocrx_word' id='word_1_104' title='bbox 712 1700 745 1732; x_wconf 91' lang='lat' dir='ltr'>A</span> <span class='ocrx_word' id='word_1_105' title='bbox 782 1699 804 1733; x_wconf 90' lang='lat' dir='ltr'><strong>S</strong></span> <span class='ocrx_word' id='word_1_106' title='bbox 840 1700 861 1733; x_wconf 93' lang='lat'>1</span> <span class='ocrx_word' id='word_1_107' title='bbox 896 1701 926 1733; x_wconf 88' lang='lat' dir='ltr'>L</span> <span class='ocrx_word' id='word_1_108' title='bbox 963 1700 999 1733; x_wconf 91' lang='lat' dir='ltr'>U</span> <span class='ocrx_word' id='word_1_109' title='bbox 1035 1700 1074 1734; x_wconf 90' lang='lat' dir='ltr'><strong>S.</strong></span> 
     </span>
     <span class='ocr_line' id='line_1_22' title="bbox 570 1767 1427 1830; baseline 0.002 -18"><span class='ocrx_word' id='word_1_110' title='bbox 570 1767 816 1828; x_wconf 88' lang='lat' dir='ltr'><strong>Nusquam</strong></span> <span class='ocrx_word' id='word_1_111' title='bbox 842 1769 1067 1830; x_wconf 78' lang='lat' dir='ltr'><strong>equidem</strong></span> <span class='ocrx_word' id='word_1_112' title='bbox 1082 1803 1096 1826; x_wconf 89' lang='lat'>‚</span> <span class='ocrx_word' id='word_1_113' title='bbox 1117 1768 1253 1829; x_wconf 93' lang='lat' dir='ltr'><strong>quod</strong></span> <span class='ocrx_word' id='word_1_114' title='bbox 1272 1768 1427 1815; x_wconf 83' lang='lat' dir='ltr'><strong>sciam.</strong></span> 
     </span>
     <span class='ocr_line' id='line_1_23' title="bbox 156 1837 796 1901; baseline 0.005 -17"><span class='ocrx_word' id='word_1_115' title='bbox 156 1837 251 1885; x_wconf 91' lang='lat' dir='ltr'><strong>Sed</strong></span> <span class='ocrx_word' id='word_1_116' title='bbox 276 1838 396 1900; x_wconf 91' lang='lat' dir='ltr'><strong>quid</strong></span> <span class='ocrx_word' id='word_1_117' title='bbox 419 1850 474 1885; x_wconf 91' lang='lat' dir='ltr'><strong>tu</strong></span> <span class='ocrx_word' id='word_1_118' title='bbox 500 1839 552 1885; x_wconf 93' lang='lat' dir='ltr'><strong>id</strong></span> <span class='ocrx_word' id='word_1_119' title='bbox 583 1841 796 1901; x_wconf 85' lang='lat' dir='ltr'><strong>quaeris?</strong></span> 
     </span>
     <span class='ocr_line' id='line_1_24' title="bbox 627 1934 941 1967; baseline 0.003 -1"><span class='ocrx_word' id='word_1_120' title='bbox 627 1934 662 1966; x_wconf 84' lang='grc' dir='ltr'><strong>Η</strong></span> <span class='ocrx_word' id='word_1_121' title='bbox 697 1934 727 1966; x_wconf 83' lang='grc' dir='ltr'>Ε</span> <span class='ocrx_word' id='word_1_122' title='bbox 766 1934 798 1967; x_wconf 86' lang='lat' dir='ltr'><strong>G</strong></span> <span class='ocrx_word' id='word_1_123' title='bbox 833 1935 853 1967; x_wconf 91' lang='lat'>1</span> <span class='ocrx_word' id='word_1_124' title='bbox 892 1935 941 1967; x_wconf 91' lang='lat' dir='ltr'><strong>o.</strong></span> 
     </span>
     <span class='ocr_line' id='line_1_25' title="bbox 771 2000 1444 2069; baseline 0.001 -23"><span class='ocrx_word' id='word_1_125' title='bbox 771 2000 899 2069; x_wconf 72' lang='lat' dir='ltr'><strong>Quia</strong></span> <span class='ocrx_word' id='word_1_126' title='bbox 922 2002 1039 2046; x_wconf 87' lang='lat' dir='ltr'><strong>mihi</strong></span> <span class='ocrx_word' id='word_1_127' title='bbox 1064 2003 1206 2047; x_wconf 83' lang='lat' dir='ltr'><strong>natali</strong></span> <span class='ocrx_word' id='word_1_128' title='bbox 1225 2003 1278 2048; x_wconf 88' lang='lat' dir='ltr'><strong>’st</strong></span> <span class='ocrx_word' id='word_1_129' title='bbox 1301 2003 1396 2048; x_wconf 82' lang='lat' dir='ltr'><strong>dies</strong></span> <span class='ocrx_word' id='word_1_130' title='bbox 1410 2020 1444 2052; x_wconf 61' lang='grc' dir='ltr'><strong>ς,</strong></span> 
     </span>
     <span class='ocr_line' id='line_1_26' title="bbox 159 2072 1192 2134; baseline 0.003 -17"><span class='ocrx_word' id='word_1_131' title='bbox 159 2072 408 2134; x_wconf 85' lang='lat' dir='ltr'><strong>Propterea</strong></span> <span class='ocrx_word' id='word_1_132' title='bbox 434 2083 483 2117; x_wconf 90' lang='lat' dir='ltr'><strong>te</strong></span> <span class='ocrx_word' id='word_1_133' title='bbox 507 2074 713 2119; x_wconf 84' lang='lat' dir='ltr'><strong>vocariet</strong></span> <span class='ocrx_word' id='word_1_134' title='bbox 744 2073 805 2118; x_wconf 87' lang='lat' dir='ltr'><strong>ad</strong></span> <span class='ocrx_word' id='word_1_135' title='bbox 835 2090 1034 2119; x_wconf 88' lang='lat' dir='ltr'><strong>coenam</strong></span> <span class='ocrx_word' id='word_1_136' title='bbox 1065 2076 1192 2121; x_wconf 89' lang='lat' dir='ltr'>volo.</span> 
     </span>
    </p>
   </div>
   <div class='ocr_carea' id='block_1_10' title="bbox 159 2164 1118 2494">
    <p class='ocr_par' dir='ltr' id='par_1_10' title="bbox 159 2164 1118 2494">
     <span class='ocr_line' id='line_1_27' title="bbox 511 2164 1077 2200; baseline 0.005 -3"><span class='ocrx_word' id='word_1_137' title='bbox 511 2164 541 2197; x_wconf 79' lang='lat' dir='ltr'>E</span> <span class='ocrx_word' id='word_1_138' title='bbox 577 2165 611 2198; x_wconf 82' lang='lat' dir='ltr'>R</span> <span class='ocrx_word' id='word_1_139' title='bbox 647 2165 679 2198; x_wconf 88' lang='lat' dir='ltr'>G</span> <span class='ocrx_word' id='word_1_140' title='bbox 716 2166 750 2199; x_wconf 77' lang='lat' dir='ltr'>A</span> <span class='ocrx_word' id='word_1_141' title='bbox 786 2165 809 2199; x_wconf 88' lang='lat' dir='ltr'><strong>s</strong></span> <span class='ocrx_word' id='word_1_142' title='bbox 844 2166 866 2197; x_wconf 92' lang='lat'>1</span> <span class='ocrx_word' id='word_1_143' title='bbox 900 2165 931 2198; x_wconf 81' lang='lat' dir='ltr'>L</span> <span class='ocrx_word' id='word_1_144' title='bbox 968 2166 1002 2198; x_wconf 86' lang='lat' dir='ltr'>U</span> <span class='ocrx_word' id='word_1_145' title='bbox 1039 2165 1077 2200; x_wconf 88' lang='lat' dir='ltr'><strong>s.</strong></span> 
     </span>
     <span class='ocr_line' id='line_1_28' title="bbox 159 2222 542 2270; baseline 0.005 -2"><span class='ocrx_word' id='word_1_146' title='bbox 159 2222 325 2270; x_wconf 76' lang='lat' dir='ltr'><strong>Pacete</strong></span> <span class='ocrx_word' id='word_1_147' title='bbox 348 2223 542 2270; x_wconf 89' lang='lat' dir='ltr'><strong>dictum.</strong></span> 
     </span>
     <span class='ocr_line' id='line_1_29' title="bbox 633 2303 946 2337; baseline 0.003 -1"><span class='ocrx_word' id='word_1_148' title='bbox 633 2303 668 2336; x_wconf 79' lang='grc' dir='ltr'><strong>Η</strong></span> <span class='ocrx_word' id='word_1_149' title='bbox 703 2303 734 2335; x_wconf 84' lang='grc' dir='ltr'><strong>Ε</strong></span> <span class='ocrx_word' id='word_1_150' title='bbox 771 2304 804 2337; x_wconf 85' lang='lat' dir='ltr'>G</span> <span class='ocrx_word' id='word_1_151' title='bbox 840 2305 860 2336; x_wconf 94' lang='lat'>1</span> <span class='ocrx_word' id='word_1_152' title='bbox 898 2303 946 2337; x_wconf 88' lang='lat' dir='ltr'><strong>o.</strong></span> 
     </span>
     <span class='ocr_line' id='line_1_30' title="bbox 576 2366 1118 2431; baseline 0.006 -18"><span class='ocrx_word' id='word_1_153' title='bbox 576 2366 670 2413; x_wconf 89' lang='lat' dir='ltr'><strong>Sed</strong></span> <span class='ocrx_word' id='word_1_154' title='bbox 694 2369 730 2413; x_wconf 87' lang='lat' dir='ltr'><strong>si</strong></span> <span class='ocrx_word' id='word_1_155' title='bbox 750 2368 961 2429; x_wconf 85' lang='lat' dir='ltr'><strong>pauxillo</strong></span> <span class='ocrx_word' id='word_1_156' title='bbox 981 2380 1118 2431; x_wconf 76' lang='lat' dir='ltr'><strong>potes</strong></span> 
     </span>
     <span class='ocr_line' id='line_1_31' title="bbox 164 2434 548 2494; baseline 0.008 -12"><span class='ocrx_word' id='word_1_157' title='bbox 164 2434 424 2494; x_wconf 64' lang='lat' dir='ltr'><strong>Contentus</strong></span> <span class='ocrx_word' id='word_1_158' title='bbox 443 2455 548 2486; x_wconf 84' lang='lat' dir='ltr'><strong>esse.</strong></span> 
     </span>
    </p>
   </div>
  </div>
 </body>
</html>
