1650 2826
231 215 323 251 ⁴212
522 191 583 248 Α
614 198 657 245 U
683 196 731 243 'L
765 198 808 244 U
830 194 882 244 'L
915 197 958 244 A
991 198 1033 245 R
1059 198 1088 245 Ἰ
1120 197 1177 246 Α.
1368 217 1418 252 av.
1451 216 1514 265 3³²

624 323 662 357 'E
698 321 734 355 U
769 322 804 357 N
840 322 876 356 Ο
911 321 956 356 Μ
985 323 1011 356 '1
1046 322 1096 356 A.

1243 394 1308 442 rln
1335 412 1438 445 rem

229 472 340 520 Hoc
351 468 580 518 tumn’st.

571 568 615 602 M
643 567 681 601 ‘E
717 566 752 602 G
784 567 820 602 A
850 568 892 604 D
927 568 962 603 Ο
995 569 1030 604 R
1063 566 1103 603 U
1137 568 1176 604 S.

424 648 491 695 Ut
508 646 708 709 quidem
734 646 932 695 emoriar
950 683 964 706 ‚
986 649 1264 710 priusquam
1293 649 1479 700 ducam„

231 723 328 772 Sed
343 724 412 769 his
433 721 616 786 legibus
629 754 642 779 ,
662 721 864 782 siquam
891 720 1000 768 dare
1020 721 1117 780 vis,
1139 720 1337 771 ducam:
1357 741 1481 786 quae

234 798 340 844 Cras
369 793 529 842 veniat
547 830 561 853 ‚
587 792 814 856 perendie
838 795 960 841 foras
989 794 1193 854 sentus,
1221 814 1362 844 soror.

231 871 318 918 His
333 870 516 935 legibus
533 886 680 931 quam
696 868 805 915 dare
821 869 889 916 vis
901 905 915 927 ‚
936 870 1055 916 cedo
1070 906 1083 928 ‚
1102 868 1291 933 nuptias
1307 872 1496 921 adorna„

642 978 675 1013 Ε
713 980 747 1013 U
783 981 817 1014 Ν
855 981 887 1013 o
924 981 967 1013 M
998 981 1023 1014 Ι
1058 981 1106 1014 A.

233 1066 396 1135 Quam
424 1079 651 1109 maxuma
679 1079 875 1123 possum
899 1063 1013 1130 tibi,
1046 1063 1210 1120 frater,
1236 1063 1344 1110 dare
1366 1064 1510 1112 dote:

227 1137 328 1184 Sed
354 1147 420 1183 est
445 1135 665 1200 grandior
687 1146 832 1181 natu:
868 1135 1030 1182 medja‘
1046 1147 1114 1182 est
1142 1136 1350 1182 mulieris
1376 1150 1512 1184 aetas.

232 1213 350 1258 Eam
374 1211 410 1255 si
431 1210 599 1275 jubes,
630 1208 798 1266 frater,
823 1207 912 1254 tibi
940 1225 1019 1253 me
1046 1225 1263 1270 poscere,
1283 1224 1493 1271 poscam.

568 1323 611 1356 M
646 1323 676 1356 E
715 1323 746 1356 G
782 1322 819 1355 A
852 1323 888 1356 D
924 1322 956 1355 o
993 1322 1027 1356 R
1062 1319 1097 1354 U
1133 1322 1174 1357 s.

231 1409 367 1457 Num
392 1424 495 1454 non
523 1407 592 1455 vis
612 1424 692 1455 me
714 1407 998 1471 interrogare
1020 1417 1068 1452 te
1084 1407 1107 1452 Ξ)

647 1517 682 1551 Ἐ
719 1518 753 1551 U
787 1518 821 1551 N
860 1518 892 1550 Ο
929 1518 972 1550 Μ
1004 1516 1028 1550 'I
1063 1517 1112 1551 A.

857 1592 1016 1638 Immo
1030 1626 1043 1648 ‚
1065 1591 1101 1636 si
1124 1589 1246 1654 quid
1262 1588 1331 1638 v'is
1345 1624 1360 1649 ‚
1382 1606 1511 1655 Toga.

575 1695 619 1728 M
653 1696 685 1728 E
724 1695 757 1728 G
793 1694 828 1727 A
863 1695 900 1727 D
937 1695 969 1727 O
1005 1695 1039 1727 R
1078 1693 1112 1726 U
1149 1692 1186 1726 S.

232 1773 343 1818 Post
374 1769 586 1816 mediam
612 1781 814 1815 aetatem
831 1803 845 1826 ‚
878 1769 963 1830 qui
991 1767 1201 1816 mediam
1227 1767 1360 1816 ducit
1395 1785 1512 1820 uxo-

485 1859 587 1887 rem
629 1842 832 1887 domum
851 1876 864 1899 ,
1090 1838 1092 1841 ’

233 1924 281 1971 Si
301 1941 405 1970 eam
431 1941 576 1971 senex
597 1940 745 1970 anum
767 1934 1072 1990 praegnatem
1091 1922 1293 1970 fortuitu
1321 1921 1480 1970 fecer‘it
1494 1958 1509 1981 ‚

228 2004 371 2076 Quid
407 2005 621 2062 dubitas,
654 2005 776 2066 quin
811 2004 868 2051 sit
891 2014 1118 2066 paratum
1144 2019 1328 2050 nomen
1358 2018 1508 2065 puero

488 2078 777 2124 Postumus?
1269 2122 1272 2125 .

164 2165 178 2179 ⁸
230 2156 373 2203 Nunc
406 2174 492 2221 ego
520 2158 664 2204 istum
684 2192 698 2214 ‚
718 2170 872 2215 soror,
895 2153 1110 2202 laborem
1134 2155 1328 2219 degam,
1348 2163 1404 2198 et
1429 2152 1508 2199 de-

483 2230 702 2276 minuam
729 2230 831 2275 tibi.

230 2310 333 2374 Ego
369 2313 546 2358 virtute
581 2312 745 2359 Deum
785 2323 834 2358 et
866 2308 1101 2376 majorum
1135 2317 1350 2354 nostrum
1380 2306 1509 2356 dives

484 2399 588 2428 sum
614 2395 729 2429 sans.

230 2465 341 2511 Istas
369 2478 559 2528 magnas
585 2463 835 2521 factiones,
855 2462 1061 2519 animos,
1089 2459 1222 2506 dotes
1253 2458 1474 2522 dapsiles,
