1650 2826
431 176 1156 250 ‚EDITIONESs
1339 191 1449 228 nr

355 304 468 336 avec
484 290 538 334 lev
550 287 665 334 latin
690 289 851 333 a‘cot&
871 296 919 333 et
946 285 1027 332 des
1043 286 1332 349 Remarques
1351 303 1436 349 pat

121 396 125 399 ,
187 396 191 398 ,
356 353 414 400 A.
431 354 470 400 le
489 352 722 400 Fevre.111
749 352 863 398 voll.
1142 391 1144 393 ,

164 429 288 477 2711
353 417 543 464 Laudine·
552 451 567 464 ,
604 417 646 461 8.
675 417 737 462 M.
769 417 878 463 Acci
905 415 1061 462 Plauti
1088 416 1354 464 Comoediae‚
1390 419 1437 462 in

353 482 511 529 duobus
538 481 844 529 voluminibus,
875 480 1092 528 Londini,
1126 483 1295 544 impens.
1328 479 1437 538 Jac.

361 545 407 591 T
400 563 538 591 onson.
567 545 613 590 ΙΙ
633 546 749 592 voll.
778 544 944 614 Quam
966 544 1228 590 editionem
1252 544 1438 590 curavit

352 610 487 655 Mich.
503 611 745 655 Maittaz're.

161 686 285 736 1713
352 674 565 723 Londini.
586 673 667 720 fol.
691 675 814 720 inter
828 673 988 735 Opera
1012 686 1060 721 et
1081 673 1343 738 fragmenta
1358 690 1438 720 ve*

354 749 511 785 terum
542 746 791 800 poe'tarum
818 738 1098 785 Latinorum
1125 739 1440 800 profanorum

356 814 406 850 et
441 803 854 857 ecclesiasticorum
890 803 1078 849 duobus
1111 803 1454 850 voluminibus-

357 869 695 930 comprehensa
706 902 720 924 ,
732 883 845 913 cura
854 867 987 914 Mich.
997 868 1240 914 Maittaire.
1250 867 1439 913 B.Too-

359 932 422 980 ke
451 943 499 978 et
512 932 608 989 Jac.
628 932 841 978 Tonson.
1041 975 1045 978 ζ
1099 981 1104 985 ,

165 1015 328 1048 5-—
358 997 665 1043 Amstelodami
677 1032 692 1045 .
730 997 773 1042 8.
820 995 1033 1059 Captivi,
1075 1013 1188 1044 cum
1226 995 1444 1044 versione

362 1061 538 1108 Gallica
566 1061 691 1107 Petri
724 1061 854 1108 Coste.

171 1125 293 1181 1716
356 1125 536 1172 Eadem
563 1125 681 1172 ibid.
717 1140 788 1173 12.

172 1204 297 1252 1719
359 1190 591 1252 Lugduni.
616 1205 686 1237 12.
717 1189 967 1236 Comffidies
985 1188 1211 1235 traduites
1227 1205 1339 1236 avec
1359 1188 1441 1236 des

363 1267 499 1300 notes
526 1271 609 1315 par
645 1254 927 1301 Gueudeville.
948 1254 997 1299 X
1019 1254 1134 1299 voll.

71 1348 74 1349 ν
167 1343 332 1373 *—
362 1319 669 1364 Amstelodami
679 1355 695 1368 .
722 1321 763 1364 8.
783 1321 813 1364 l.
836 1334 906 1366 12.
925 1318 1138 1364 Oeuvres
1157 1334 1218 1364 en
1235 1318 1374 1364 Latin
1393 1329 1442 1364 et

362 1383 578 1443 Frangois
599 1400 682 1444 par
707 1383 768 1428 de
784 1384 983 1428 Limiers.
1009 1382 1058 1429 X
1079 1383 1192 1428 voll.

174 1456 294 1498 1721
362 1447 690 1495 Amstelodami,
724 1448 795 1493 16.
822 1464 895 1508 ap.
910 1446 967 1492 R.
988 1457 1037 1492 et
1060 1446 1119 1493 G.
1137 1447 1445 1494 Wetstenios.

365 1512 426 1556 M
452 1513 558 1556 Acci
583 1511 739 1556 Plauti
778 1511 1018 1559 Gymoediae
1052 1513 1300 1573 superstites
1328 1511 1421 1557 XX
1425 1546 1446 1559 .

368 1575 428 1619 ad
457 1576 653 1620 ultimam
689 1575 911 1620 editionem
946 1574 1024 1632 Jo.
1049 1574 1174 1621 Frid.
1210 1574 1446 1622 Gronovii

366 1636 949 1703 accuratissimssexpressae.

178 1714 298 1764 1723
366 1703 581 1751 Londini.
616 1703 642 1749 8
670 1705 776 1767 maj.
804 1703 1081 1767 Amphitruo,
1109 1700 1303 1768 Captivi.
1331 1703 1445 1768 Epi-5

319 1800 324 1803 »
365 1767 484 1812 dicus
521 1779 564 1812 et
590 1768 763 1813 Rudens
803 1785 898 1812 cum
925 1767 1022 1825 Jac.
1050 1768 1264 1830 Opemii
1294 1770 1441 1818 notis,

366 1847 501 1877 recus.
524 1848 629 1876 cura
659 1831 780 1877 Sam.
803 1832 995 1884 Patrick.
1477 1879 1490 1891 .

179 1909 266 1951 172
272 1912 298 1957 5
366 1896 586 1942 Patavina
604 1897 649 1952 Ι,
672 1897 713 1941 8.
733 1897 931 1955 M.Accii
937 1896 1092 1941 Plauti
1106 1897 1345 1943 comoediae
1367 1914 1443 1942 su-

364 1962 567 2026 perstites
584 1962 744 2021 viginti
754 1978 772 2006 ;
799 1977 893 2006 cum
909 1960 1184 2023 fragmentis
1202 1962 1443 2024 deperdita-

367 2042 478 2070 rum.
510 2024 697 2070 Patavii.
726 2023 979 2069 Exczzdebat
1004 2024 1104 2083 Jos.
1136 2026 1344 2072 Cominus.

182 2089 304 2143 1726
370 2089 529 2149 Hagae
561 2087 673 2133 Com.
704 2089 745 2133 8.
773 2088 823 2134 X
854 2088 1020 2137 tomis;
1054 2104 1091 2134 c.
1116 2105 1231 2135 vers·
1266 2088 1443 2136 Gallica

368 2169 453 2214 per
482 2152 762 2198 Gueudeville.

180 2231 303 2276 1740
368 2216 719 2264 Amstelaedami.
736 2217 778 2261 8.
804 2215 880 2275 Jo.
897 2216 1021 2262 Fred.
1040 2216 1242 2264 Gronovii
1254 2218 1438 2264 Lectio-

371 2297 454 2326 nes
466 2281 703 2326 Plautinae
719 2296 848 2326 nunc
864 2281 1075 2341 primum
1099 2282 1262 2327 editae.
1292 2282 1440 2328 Acce-

372 2345 443 2391 djt
464 2345 559 2390 vita
575 2345 785 2390 auctoris.
805 2345 952 2390 Amst.
974 2346 1102 2406 apud
1110 2346 1184 2404 Jo.
1203 2346 1438 2392 Haffman.

185 2423 304 2469 1742
379 2410 586 2458 Venetiis.
619 2425 664 2468 4.
688 2410 751 2456 M.
776 2410 883 2455 Acci
898 2409 1051 2456 Plauti
1064 2411 1191 2457 Miles
1203 2411 1442 2474 gloriosus.
