1650 2826
243 223 334 281 478
683 189 1100 267 CASINA(
1411 241 1524 273 ιι-

519 417 684 474 Ac
751 418 803 473 T
867 373 1024 475 us
1122 421 1221 482 11.

664 582 987 630 SCENA
1052 586 1092 631 Ι.

332 743 877 782 CLEOSTRATA,
920 744 1429 784 PARDALISCA.

552 886 1202 922 CLEOSTRATA.

240 984 620 1095 OBSIGNATE
653 1049 814 1105 cellas,
841 1047 1008 1094 referte
1029 1047 1229 1094 anulum
1255 1047 1316 1095 ad
1344 1065 1448 1095 me:

243 1121 344 1184 Ego
360 1122 455 1166 huc
470 1132 652 1166 transeo
671 1122 722 1166 in
739 1136 1035 1181 proxumum
1052 1119 1114 1165 ad
1126 1137 1284 1166 meam
1297 1121 1514 1167 vicinam.

238 1191 325 1237 Vir
356 1193 392 1237 si
427 1193 548 1254 quid
576 1193 708 1239 volet
743 1207 849 1248 me,
873 1190 1009 1238 facite
1035 1190 1148 1238 hinc
1169 1209 1249 1240 me
1275 1195 1512 1241 arcessatis.

550 1292 580 1326 P
620 1291 655 1324 A
689 1292 722 1324 R
759 1292 794 1323 D
830 1290 865 1322 A
901 1291 931 1323 1.
966 1290 987 1322 1
1024 1289 1046 1322 s
1086 1290 1112 1323 c
1147 1290 1198 1323 A.

242 1363 501 1410 Prandium
516 1362 713 1426 jusserat
732 1372 875 1405 senex
896 1357 983 1405 sibi
1007 1360 1169 1420 parari.

556 1464 582 1496 C
618 1461 649 1496 L
684 1462 714 1496 E
751 1460 783 1494 Ο
821 1460 844 1494 S
881 1460 913 1493 T
947 1462 981 1495 R
1011 1461 1046 1494 A
1082 1459 1114 1494 T
1147 1460 1201 1494 A.

241 1541 326 1598 St,
343 1551 445 1586 tace
459 1574 474 1597 ,
495 1549 642 1600 atque
667 1537 756 1583 abi.
787 1553 948 1598 neque
964 1553 1101 1598 paro,
1122 1552 1289 1598 neque·
1307 1533 1453 1582 hodie

239 1616 518 1675 Coquetur:
557 1612 752 1673 quando
781 1612 817 1656 is
851 1611 971 1657 mihi
997 1622 1046 1657 et
1071 1609 1171 1657 filio
1195 1609 1466 1676 adversatur

237 1687 339 1734 Suo
354 1721 368 1744 ‚
395 1685 543 1732 animi
567 1685 834 1745 amorisque
860 1701 1013 1730 caussa
1045 1681 1129 1729 sui.
1414 1740 1418 1741 ⁷

239 1758 495 1825 Flagitium
528 1757 650 1804 illud
676 1758 913 1804 hominis!
952 1775 1039 1823 ego
1070 1755 1211 1804 illum
1243 1756 1368 1804 fame
1383 1791 1397 1818 ,
1427 1774 1532 1824 ego·

491 1832 631 1878 illum

240 1907 355 1964 Siti,
373 1904 659 1962 maledictis,
678 1900 932 1951 malefactis
947 1939 962 1963 ,
988 1917 1250 1953 amatorem

239 1978 470 2027 Ulciscar:
506 1995 593 2043 ego
620 1979 706 2040 pol
734 1978 872 2024 illum
897 1978 1048 2040 probe
1076 1977 1393 2026 incommodis

243 2054 392 2099 Dictis
417 2069 584 2117 angam
603 2071 614 2097 ε
640 2049 805 2097 faciam
825 2050 919 2110 uti,
939 2052 1142 2114 proinde
1158 2064 1214 2099 ut
1232 2064 1299 2099 est
1319 2054 1510 2118 dignus,

243 2126 405 2172 Vitam
433 2127 584 2177 colat3
616 2123 897 2171 Acheruntis
928 2126 1189 2186 pabulum,
1210 2122 1356 2190 flagiti

242 2198 492 2260 praesepe,
518 2197 759 2244 stabulum
783 2196 1038 2259 nequitiae.
1073 2214 1204 2244 nunc
1231 2194 1341 2243 hinc

242 2270 368 2314 Meas
398 2271 605 2316 fortunas
628 2284 686 2316 eo
710 2281 935 2331 questum
962 2270 1022 2316 ad
1048 2268 1234 2316 vicinas.

244 2339 337 2386 Sed
359 2341 466 2386 foris
494 2344 782 2405 concrepuit.
807 2353 952 2404 atque
971 2360 1023 2390 ea
1042 2344 1165 2404 ipsa,
1187 2355 1341 2387 eccam
1354 2373 1367 2397 ,
1383 2356 1509 2405 egre-

495 2415 621 2460 ditur

242 2482 392 2531 Foras.
424 2499 525 2530 non
550 2487 634 2545 pol
659 2502 744 2546 per
769 2497 957 2549 tempus
987 2484 1074 2532 iter
1103 2483 1221 2533 mihi
1250 2481 1417 2548 incepi.
