1650 2826
148 192 278 241 262
454 181 745 233 KCTUS
793 182 873 228 11.
925 180 1032 227 SC.
1074 182 1148 227 ΙΙ.
1336 192 1460 247 4ος)

151 297 275 343 Tam
301 294 384 340 ille
414 290 546 354 apud
574 305 663 337 nos
696 288 836 335 servit
851 322 867 347 ,
897 305 1045 350 quam
1078 304 1166 352 ego
1193 303 1324 335 nunc
1355 289 1434 336 hic

400 363 530 427 apud
549 373 598 408 te
618 361 783 407 servio.

151 443 236 490 Est
261 437 478 503 profecto
502 435 659 491 Deus,
688 434 802 494 qui,
832 450 956 495 quae
979 449 1067 480 nos
1088 433 1318 498 gerimus,
1347 450 1433 480 au-

408 512 579 572 ditque
605 521 653 556 et
678 509 813 556 videt
831 543 846 566 ,

150 589 221 646 1³,
253 587 410 637 uti—tu
441 601 520 631 me
546 584 623 630 hic
655 583 903 640 habueri5‚
930 581 1135 644 proinde
1165 582 1304 628 illum
1335 582 1430 628 illic

400 657 643 705 curaverit.

146 734 274 784 Bene
298 733 503 781 merenti
527 733 652 778 bene
678 729 911 793 profuerit
926 763 940 787 ‚
967 730 1091 775 male
1114 729 1316 774 merenti
1340 745 1425 791 par

394 807 493 854 erit.
704 854 707 857 ,

149 880 315 950 Quam
342 891 398 926 tu
425 879 580 925 filium
607 890 774 936 tuum,
798 888 899 924 tam
918 886 1052 940 pater
1078 892 1159 922 me
1188 892 1323 922 meus
1345 875 1429 923 de-

404 952 587 999 siderat-

635 1049 950 1084 HEGIO.

149 1120 352 1171 Memini
381 1138 469 1186 ego
501 1123 631 1167 istoc.
674 1121 757 1166 sed
787 1120 965 1166 faterin’
996 1118 1162 1166 eadem
1196 1135 1320 1180 quae
1349 1119 1441 1167 hic.

401 1194 519 1239 fassu
537 1194 591 1237 ’st
614 1193 765 1255 mihi?

509 1293 542 1325 Τ
577 1293 611 1324 Y
647 1294 682 1325 N
718 1293 753 1324 D
789 1292 823 1324 A
858 1293 891 1325 R
925 1293 961 1324 U
997 1293 1035 1326 s.

149 1364 253 1428 Ego
268 1363 391 1424 patri
408 1378 518 1407 meo
539 1378 633 1407 esse
652 1361 798 1407 fateor
815 1378 1018 1408 summas
1041 1362 1223 1407 divitias
1246 1361 1378 1407 domi
1390 1395 1406 1417 ‚

148 1437 330 1497 Meque
357 1451 546 1480 summo
569 1450 739 1498 genere
762 1446 974 1499 gnatum.
1004 1434 1088 1480 sed
1110 1446 1157 1480 te
1187 1433 1425 1489 obtestor,

400 1507 555 1589 Hegio
571 1541 586 1564 ‚

150 1582 224 1628 Ne
238 1593 381 1628 tuum
398 1582 613 1627 animum
626 1581 882 1627 avariorem
898 1580 1048 1626 faxint
1060 1543 1251 1625 divitiae
1266 1594 1422 1623 meae:
1452 1590 1458 1598 ·

148 1654 222 1699 Ne
255 1654 409 1715 patri,
440 1654 624 1700 tametsi
651 1655 817 1735 unicus
849 1671 983 1711 sum,
1016 1653 1180 1699 decere
1207 1651 1423 1699 videatur

407 1725 550 1789 magis
563 1759 577 1782 ‚

149 1798 230 1846 Me
269 1808 481 1844 saturum
516 1799 683 1846 servire
714 1799 846 1862 apud
877 1809 926 1845 te
954 1808 1120 1845 sumtu
1152 1809 1200 1845 et
1228 1800 1404 1847 vestitu

396 1882 485 1917 tuo
499 1905 514 1928 ‚

145 1942 308 1990 Potius
326 1960 475 2005 quam
492 1944 560 1988 illi
573 1977 587 2000 ,
604 1944 691 1989 ubi
706 1946 906 1993 minime
923 1947 1245 1994 honestum’st
1260 1982 1273 2005 ‚
1288 1963 1421 1993 men-

400 2018 637 2065 dicantem
658 2020 829 2067 vivere.

627 2121 941 2156 HEGIO.

149 2195 251 2261 Ego
282 2197 458 2243 virtute
492 2196 656 2243 Deum
687 2208 735 2244 et
771 2200 1007 2264 majorum
1038 2211 1254 2250 nostrum
1288 2203 1416 2251 dives

399 2288 505 2316 sum
535 2283 650 2316 satis.

149 2340 263 2390 Non
288 2360 375 2409 ego
404 2344 604 2389 omnino
634 2345 823 2394 lucrum
849 2362 996 2395 omne
1010 2364 1102 2396 esse
1120 2349 1236 2397 utile
1258 2350 1417 2398 homi-

354 2463 377 2479 ,
397 2432 451 2464 m
480 2428 728 2465 existumo.
