1650 2826
229 192 289 242 28
518 188 1180 237 AMPHITRUO„
1319 206 1473 240 vnmt

227 304 468 364 Eloquere
486 332 500 359 ‚
528 299 650 361 quid
677 299 846 347 venisti
862 298 889 344 3³·

716 399 739 433 s
763 373 809 432 'o
846 398 868 432 s
905 399 928 432 1
960 398 1010 432 A.

639 480 705 526 Ut
727 492 841 527 esset
861 498 1010 542 quem
1028 492 1084 528 tu
1101 484 1273 548 pugnis
1294 484 1520 533 caederes-

582 587 627 621 M
660 589 691 622 Ε
727 590 761 623 R
796 591 823 623 c
859 589 894 623 U
931 590 964 623 R
998 591 1021 623 1
1057 591 1092 624 U
1128 591 1167 624 s.

233 654 424 725 Quojus
444 654 527 700 es?
972 715 975 718 ᾖ
1115 635 1119 638 V

718 756 740 789 S
777 756 809 788 O
848 756 868 790 S
905 757 927 790 I
962 757 1011 791 Α.

431 832 793 894 Amphitruonis
809 867 822 890 ,
841 832 1042 893 inquam
1058 865 1072 888 ,
1092 829 1231 878 Sosia.

579 937 623 971 M
655 937 684 970 E
721 937 754 970 R
791 938 816 969 c
853 937 888 970 U
923 936 966 985 R
992 938 1014 969 1
1050 936 1085 969 U
1122 937 1159 970 s.

1049 1020 1177 1084 Ergo
1207 1019 1323 1066 istoc
1353 1021 1530 1084 magis,

244 1096 374 1166 Quia
399 1095 683 1155 vaniloquos
700 1128 714 1151 ‚
744 1091 988 1154 vapulabis
1010 1111 1019 1137 t
1051 1110 1139 1157 ego
1163 1110 1296 1152 sum,
1325 1110 1426 1140 non
1451 1105 1532 1150 tu,

503 1165 642 1214 Sosia.

562 1235 565 1237 “
744 1244 766 1276 s
805 1243 836 1275 ο
875 1243 895 1275 s
934 1244 956 1275 Ι
991 1243 1038 1276 A.

246 1322 318 1368 Ita
334 1321 415 1369 Dii
433 1322 631 1377 faciant,
651 1329 708 1366 nt
734 1331 790 1366 tu
812 1320 972 1382 potius
1000 1321 1081 1377 εἰς,
1112 1331 1257 1383 atque
1284 1337 1371 1386 ego
1404 1330 1451 1365 te
1481 1329 1537 1365 ut

508 1394 768 1442 verberem.

590 1506 634 1539 M
668 1507 699 1540 E
735 1507 768 1540 R
804 1507 830 1538 C
866 1506 901 1537 U
938 1505 970 1539 R
1007 1505 1028 1537 1
1063 1504 1097 1536 U
1136 1503 1175 1536 S.

250 1580 407 1628 Etiam
425 1578 623 1627 muttis?

746 1673 766 1705 s
805 1673 837 1704 o
876 1672 897 1704 s
936 1672 957 1703 1
993 1671 1042 1703 A.

507 1745 615 1802 Jam
633 1744 816 1789 tacebo.

600 1858 645 1892 M
678 1860 707 1891 E
744 1859 776 1891 R
812 1859 838 1891 C
875 1858 910 1890 U
946 1858 978 1889 R
1014 1857 1034 1889 Ι
1071 1857 1103 1889 U
1141 1857 1180 1889 s.

711 1936 832 2008 Quis
850 1935 937 1980 tibi
954 1936 1072 1980 heru
1086 1935 1141 1979 ‘st
1153 1934 1175 1979 ἱ)

762 2052 784 2086 s
823 2053 854 2085 o
893 2051 915 2085 s
951 2052 973 2084 1
1008 2051 1056 2083 A.

1122 2123 1286 2192 Quem
1319 2130 1375 2166 tu
1407 2118 1549 2166 voles.

614 2233 657 2265 M
693 2234 722 2266 E
760 2234 794 2266 R
829 2233 855 2265 c
891 2233 927 2265 U
962 2232 995 2264 R
1030 2231 1052 2264 1
1086 2231 1121 2263 U
1159 2228 1198 2263 s.

270 2302 406 2373 Quid
425 2301 595 2366 igitur?
618 2302 700 2362 qui
721 2317 851 2347 nunc
868 2299 1064 2347 vocare?

770 2403 793 2436 S
830 2402 862 2434 O
900 2400 922 2433 S
959 2399 979 2431 I
1015 2399 1062 2432 A.

889 2474 1044 2521 Nemo
1056 2507 1069 2531 9
1094 2471 1180 2518 nisi
1199 2486 1345 2531 quem
1357 2469 1554 2534 jusseris·
