1650 2826
137 191 267 238 v.15
408 173 694 230 ACTUS
741 174 868 223 ΙΙΙ.
917 176 1023 226 SC.
1080 181 1116 226 I.
1321 180 1403 231 161

138 281 217 328 Ad
234 280 536 343 loquendum
550 314 566 338 ,
586 290 731 340 atque
752 277 814 325 ad
837 278 1096 326 tacendum
1116 290 1221 326 tute
1238 281 1408 330 habeas

386 352 710 414 portisculum.

192 426 276 472 uin
298 426 383 487 pol
403 425 440 469 si
460 423 661 484 reposivi
682 438 870 468 remum
883 457 897 480 ,
918 424 1014 470 sola
1035 440 1124 488 ego
1147 424 1197 469 in
1223 429 1409 475 casteria

215 497 234 542 i
250 495 439 557 quioeco
455 526 472 554 ‚
495 494 650 542 omnis
667 492 866 541 familiae
889 510 1042 543 caussa
1060 495 1269 542 consistit
1290 498 1391 546 tibi.

480 607 509 639 c
545 607 575 640 L
610 607 640 639 Ε
675 606 710 661 a
745 608 775 641 Β
810 609 845 642 R
877 607 908 641 ι
943 608 976 642 Τ
1010 611 1059 643 A.

136 683 271 756 Quid
290 683 352 731 ais
375 695 431 730 tu
443 717 458 741 ,
476 701 623 745 quam
653 701 740 750 ego
766 701 913 732 unam
933 687 1035 734 vidi
1054 689 1307 736 mulierem
1322 708 1403 738 au-

205 811 211 817 ·
386 756 692 803 dacissumam
704 758 726 802 ?

130 837 368 907 Quotiens
387 848 436 885 te
455 838 587 884 vetui
609 836 932 902 Argyrippum
953 840 1108 888 filium
1124 842 1409 892 Demaeneti

130 908 411 971 Conpellare
432 921 515 954 aut
538 920 824 956 contrectare
838 945 854 969 ,
874 913 1164 973 conloquive
1186 926 1269 961 aut
1291 932 1408 962 con-

383 981 456 1027 tui
474 982 495 1027 ?

127 1052 266 1123 Quid
294 1052 426 1099 dedit
443 1054 465 1099 Ξ)
516 1053 638 1114 quid
670 1052 905 1116 deportari
936 1056 1065 1120 jussit
1097 1058 1158 1104 ad
1190 1062 1312 1107 nos?
1343 1078 1405 1108 an

382 1134 439 1170 tu
476 1124 564 1170 tibi

126 1194 285 1243 Verba
314 1196 488 1242 blanda
511 1215 603 1244 esse
628 1215 799 1245 aurum
830 1201 965 1246 rere?
993 1200 1117 1248 dicta
1144 1202 1283 1250 docta
1312 1222 1403 1266 pro

381 1269 527 1314 datis?

130 1337 267 1386 Ultro
292 1356 441 1397 arnas,
467 1343 592 1387 ultro
616 1344 859 1404 expetessis
874 1379 888 1402 ,
920 1348 1047 1393 ultro
1074 1349 1136 1394 ad
1165 1361 1213 1395 te
1243 1354 1403 1399 arcessi

376 1412 530 1475 jubes,

126 1483 243 1532 Illos
261 1484 347 1546 qui
361 1484 491 1542 dant,
505 1501 582 1530 eos
599 1484 802 1531 derides:
825 1488 912 1548 qui
931 1489 1191 1549 deludunt,
1205 1494 1400 1556 deperis.

127 1555 208 1601 An
227 1567 275 1600 te
294 1555 345 1600 id
362 1568 623 1617 exspectare
639 1569 844 1618 oportet,
857 1559 892 1604 si
910 1561 1014 1620 quis
1030 1565 1276 1623 promittat
1292 1568 1401 1628 tibi,

130 1626 204 1672 Te
228 1626 463 1673 facturum
490 1628 686 1687 divitem
700 1662 714 1686 ‚
742 1630 776 1675 si
805 1632 1030 1678 moriatur
1055 1646 1203 1681 mater
1225 1640 1334 1684 sua?

128 1699 316 1745 Ecastor
328 1701 474 1746 -nobis
490 1701 720 1761 periclum
743 1713 790 1747 et
812 1702 1014 1751 familiae
1032 1710 1362 1770 portenditur,

128 1773 264 1820 Dum
297 1774 392 1839 ejus
421 1787 739 1837 exspectamus
763 1790 994 1839 mortem,
1017 1796 1080 1828 ne
1105 1799 1195 1829 nos
1221 1786 1397 1839 moriam,

375 1864 483 1893 mur
503 1847 638 1894 fame.

128 1919 270 1969 Nunc
306 1924 424 1970 adeo
463 1926 549 1971 nisi
577 1928 695 1973 mihi
726 1926 822 1975 huc
854 1933 1031 1995 argenti
1061 1934 1191 1980 affert
1227 1937 1394 2000 viginti

376 1999 523 2047 minas
539 2035 555 2057 ,
1391 2003 1399 2011 ’

126 2067 227 2114 Nae
251 2068 330 2115 ille
351 2082 522 2116 ecastor
545 2072 656 2117 hinc
675 2073 892 2119 trudetur
910 2076 1060 2139 largus
1080 2078 1393 2130 lacrumarum

382 2141 511 2188 foras.

125 2210 219 2261 Hic
248 2212 345 2260 dies
368 2231 553 2263 summa
570 2214 624 2261 ’st
643 2216 774 2278 apud
799 2234 880 2267 me
898 2218 1085 2279 inopiae
1109 2222 1358 2269 excusatio.

481 2331 1051 2372 PHILENIUM.

126 2397 274 2448 Patiar
288 2439 304 2461 ‚
330 2406 370 2476 si
389 2406 496 2455 cibo
520 2424 671 2456 carere
691 2427 771 2456 me
786 2411 953 2474 jubeas
968 2447 983 2470 ‚
1012 2425 1161 2462 mater
1188 2432 1306 2463 mea.

199 2483 282 2529 Vol.
317 2487 356 2531 I.
1159 2497 1199 2542 L
