1650 2826
234 152 326 211 256
549 146 1190 200 AULULARIA.
1379 169 1518 207 <nm

231 263 343 309 Heu
374 275 452 308 me
484 262 738 309 miserum!
767 263 1024 310 miserum!
1056 264 1174 326 perii
1207 268 1330 314 male
1361 271 1517 331 perdi*

487 336 588 380 tus!
625 351 842 396 pessume
874 348 1066 399 ornatus·
1098 355 1169 386 eo.

231 408 448 455 Tantum
474 407 641 472 gemiti
661 419 709 454 et
733 409 882 455 malae
909 412 1164 458 maestitiae
1187 414 1265 460 hic
1285 413 1381 461 dies
1397 412 1519 462 mihi

491 481 701 538 obtulit9

231 551 427 601 Famem
461 565 509 600 et
540 553 819 615 pauperiem
845 574 855 599 :
887 554 1244 617 perditissumus
1280 575 1367 622 ego
1412 577 1528 613 sum>

486 644 710 674 omnium
737 644 789 674 m
811 639 943 676 terra.

231 703 357 749 Nam
383 701 518 763 quidx
534 701 654 747 mihi
688 718 808 763 opus
837 713 905 749 est
933 703 1030 750 vita
1046 739 1060 762 ‚
1091 706 1178 767 qui
1199 717 1391 752 tantum
1419 707 1518 752 auri

490 774 679 838 perdidi
698 775 721 820 Ρ

234 847 390 920 Quod
416 847 652 894 custodivi
680 846 861 892 sedulo.
891 859 1081 911 egomet
1098 865 1177 894 me
1197 849 1469 909 defrudavi,
1541 884 1546 886 ἡ

233 923 568 983 Animumque
588 937 772 976 meum,
793 921 1090 984 geniumque
1108 940 1287 970 meum.
1306 941 1436 971 nunc
1461 942 1517 971 eo

493 994 571 1040 alii
593 993 904 1040 laetificantur
917 1029 931 1051 ‚

233 1069 348 1116 Meo
380 1069 508 1114 malo
537 1077 584 1114 et
614 1067 822 1114 damno:
857 1066 959 1128 pati
988 1082 1197 1128 nequeo.

595 1166 625 1198 Ι,
660 1165 695 1198 Y
732 1166 758 1198 c
797 1164 828 1197 o
865 1165 900 1196 N
936 1164 957 1196 1
992 1165 1028 1196 D
1064 1164 1095 1197 Ε
1132 1161 1171 1199 s.

236 1235 456 1304 Quinam
471 1235 620 1280 homo
639 1234 717 1279 hic
736 1244 845 1280 ante
870 1232 994 1279 aedis
1011 1240 1188 1281 nostras
1211 1234 1389 1300 ejulans
1410 1254 1522 1285 con-

493 1310 710 1371 queritur
743 1309 989 1359 maerens?

236 1383 400 1444 Atque
426 1383 503 1429 hic
536 1383 737 1444 quidem
773 1383 941 1428 Euclio
969 1393 1048 1428 est.
1085 1394 1182 1441 est,
1207 1384 1391 1445 opinor.
1436 1402 1523 1446 op-

490 1456 607 1517 pido
637 1471 724 1520 ego
756 1455 937 1502 interii!
967 1457 1126 1517 palam
1154 1468 1222 1502 est
1245 1472 1329 1502 res.

247 1529 345 1577 Scit
375 1531 606 1592 peperisse
622 1532 722 1595 jam
738 1566 752 1589 ,
780 1541 835 1577 ut
863 1547 950 1595 ego
979 1530 1179 1591 opinor,
1205 1518 1351 1577 filiam
1375 1546 1520 1576 suam.

494 1620 625 1650 nunc
656 1605 777 1651 mihi
808 1605 1045 1651 incertum
1074 1615 1173 1662 est,
1243 1661 1247 1664 ἱ

240 1677 378 1747 Quid
400 1694 547 1742 agam.
572 1678 769 1724 abeam?
788 1694 849 1723 an
875 1694 1095 1723 maneam
1109 1678 1131 1722 P
1155 1694 1218 1724 an
1240 1677 1438 1723 adeam?
1464 1693 1522 1722 an

493 1750 706 1814 fugiam?
739 1750 860 1811 quid
883 1767 1019 1815 agam
1051 1750 1224 1813 edepol
1253 1751 1424 1797 nescio.

654 1885 975 1933 SCENA
1040 1887 1096 1933 X.

326 2017 1423 2056 EUCLIO,LYCONIDES.

695 2125 1070 2159 EUCLIO.

248 2181 452 2346 QUIS
490 2248 647 2295 homo'
669 2246 746 2294 hic
775 2247 1030 2309 loquitur?

599 2344 1172 2385 LYCONIDES.

957 2425 1202 2487 Egosum.
