<?xml version="1.0" encoding="UTF-8"?>
<!DOCTYPE html PUBLIC "-//W3C//DTD XHTML 1.0 Transitional//EN"
    "http://www.w3.org/TR/xhtml1/DTD/xhtml1-transitional.dtd">
<html xmlns="http://www.w3.org/1999/xhtml" xml:lang="en" lang="en">
 <head>
  <title>
</title>
<meta http-equiv="Content-Type" content="text/html;charset=utf-8" />
  <meta name='ocr-system' content='tesseract 3.04.00' />
  <meta name='ocr-capabilities' content='ocr_page ocr_carea ocr_par ocr_line ocrx_word'/>
</head>
<body>
  <div class='ocr_page' id='page_1' title='image "./comoediaesuperst01plauuoft_0566.png"; bbox 0 0 1650 2826; ppageno 0'>
   <div class='ocr_carea' id='block_1_1' title="bbox 272 192 1556 364">
    <p class='ocr_par' dir='ltr' id='par_1_1' title="bbox 272 192 1556 364">
     <span class='ocr_line' id='line_1_1' title="bbox 272 192 1556 248; baseline 0.006 -11"><span class='ocrx_word' id='word_1_1' title='bbox 272 207 360 248; x_wconf 76' lang='lat'>512</span> <span class='ocrx_word' id='word_1_2' title='bbox 698 192 1099 240; x_wconf 85' lang='lat' dir='ltr'><strong>CASINA.</strong></span> <span class='ocrx_word' id='word_1_3' title='bbox 1454 197 1556 246; x_wconf 76' lang='lat' dir='ltr'>v.1&#39;</span> 
     </span>
     <span class='ocr_line' id='line_1_2' title="bbox 631 281 1180 364; baseline 0.007 -4"><span class='ocrx_word' id='word_1_4' title='bbox 631 316 668 361; x_wconf 91' lang='lat' dir='ltr'><em>S</em></span> <span class='ocrx_word' id='word_1_5' title='bbox 721 281 1180 364; x_wconf 28' lang='lat' dir='ltr'><strong><em>CENA‘II.</em></strong></span> 
     </span>
    </p>
   </div>
   <div class='ocr_carea' id='block_1_2' title="bbox 331 448 1453 495">
    <p class='ocr_par' dir='ltr' id='par_1_2' title="bbox 331 448 1453 495">
     <span class='ocr_line' id='line_1_3' title="bbox 331 448 1453 495; baseline 0.005 -6"><span class='ocrx_word' id='word_1_6' title='bbox 331 448 911 493; x_wconf 71' lang='lat' dir='ltr'>‘CLEOSTRATA,</span> <span class='ocrx_word' id='word_1_7' title='bbox 961 457 1453 495; x_wconf 85' lang='lat' dir='ltr'><em>ALCESIMUS.</em></span> 
     </span>
    </p>
   </div>
   <div class='ocr_carea' id='block_1_3' title="bbox 587 575 1236 611">
    <p class='ocr_par' dir='ltr' id='par_1_3' title="bbox 587 575 1236 611">
     <span class='ocr_line' id='line_1_4' title="bbox 587 575 1236 611; baseline 0.006 -4"><span class='ocrx_word' id='word_1_8' title='bbox 587 575 1236 611; x_wconf 88' lang='lat' dir='ltr'><strong>CLEOSTRATA.</strong></span> 
     </span>
    </p>
   </div>
   <div class='ocr_carea' id='block_1_4' title="bbox 275 643 1551 914">
    <p class='ocr_par' dir='ltr' id='par_1_4' title="bbox 275 643 1551 914">
     <span class='ocr_line' id='line_1_5' title="bbox 275 643 1551 769; baseline 0.002 -14"><span class='ocrx_word' id='word_1_9' title='bbox 275 643 413 755; x_wconf 81' lang='lat' dir='ltr'>UT</span> <span class='ocrx_word' id='word_1_10' title='bbox 440 723 739 769; x_wconf 84' lang='lat' dir='ltr'>properarem</span> <span class='ocrx_word' id='word_1_11' title='bbox 763 724 980 754; x_wconf 83' lang='lat' dir='ltr'>arcessere</span> <span class='ocrx_word' id='word_1_12' title='bbox 1006 709 1131 757; x_wconf 86' lang='lat' dir='ltr'>hanc</span> <span class='ocrx_word' id='word_1_13' title='bbox 1161 709 1221 756; x_wconf 91' lang='lat' dir='ltr'>ad</span> <span class='ocrx_word' id='word_1_14' title='bbox 1247 725 1325 756; x_wconf 89' lang='lat' dir='ltr'>rne</span> <span class='ocrx_word' id='word_1_15' title='bbox 1349 711 1551 758; x_wconf 82' lang='lat' dir='ltr'>vicinam</span> 
     </span>
     <span class='ocr_line' id='line_1_6' title="bbox 527 780 957 837; baseline 0.005 -13"><span class='ocrx_word' id='word_1_16' title='bbox 527 796 681 825; x_wconf 89' lang='lat' dir='ltr'>meam</span> <span class='ocrx_word' id='word_1_17' title='bbox 699 815 713 837; x_wconf 92' lang='lat'>,</span> <span class='ocrx_word' id='word_1_18' title='bbox 744 780 837 825; x_wconf 80' lang='lat' dir='ltr'>hoc</span> <span class='ocrx_word' id='word_1_19' title='bbox 863 792 957 826; x_wconf 88' lang='lat' dir='ltr'>erat</span> 
     </span>
     <span class='ocr_line' id='line_1_7' title="bbox 275 851 1546 914; baseline 0.002 -13"><span class='ocrx_word' id='word_1_20' title='bbox 275 854 464 901; x_wconf 87' lang='lat' dir='ltr'>Ecastor</span> <span class='ocrx_word' id='word_1_21' title='bbox 481 851 554 908; x_wconf 88' lang='lat' dir='ltr'>id,</span> <span class='ocrx_word' id='word_1_22' title='bbox 572 852 707 912; x_wconf 91' lang='lat' dir='ltr'>quod</span> <span class='ocrx_word' id='word_1_23' title='bbox 720 869 799 898; x_wconf 89' lang='lat' dir='ltr'>me</span> <span class='ocrx_word' id='word_1_24' title='bbox 812 852 883 898; x_wconf 90' lang='lat' dir='ltr'>vir</span> <span class='ocrx_word' id='word_1_25' title='bbox 899 863 1032 899; x_wconf 88' lang='lat' dir='ltr'>tanto</span> <span class='ocrx_word' id='word_1_26' title='bbox 1054 868 1196 914; x_wconf 86' lang='lat' dir='ltr'>opere</span> <span class='ocrx_word' id='word_1_27' title='bbox 1212 857 1372 902; x_wconf 88' lang='lat' dir='ltr'>orabat</span> <span class='ocrx_word' id='word_1_28' title='bbox 1390 874 1520 903; x_wconf 88' lang='lat' dir='ltr'>meus</span> <span class='ocrx_word' id='word_1_29' title='bbox 1539 878 1546 902; x_wconf 91' lang='lat'><strong>:</strong></span> 
     </span>
    </p>
   </div>
   <div class='ocr_carea' id='block_1_5' title="bbox 276 924 1552 1044">
    <p class='ocr_par' dir='ltr' id='par_1_5' title="bbox 276 924 1552 1044">
     <span class='ocr_line' id='line_1_8' title="bbox 276 924 1552 991; baseline 0.004 -18"><span class='ocrx_word' id='word_1_30' title='bbox 276 927 473 974; x_wconf 87' lang='lat' dir='ltr'>Liberae</span> <span class='ocrx_word' id='word_1_31' title='bbox 503 925 637 971; x_wconf 89' lang='lat' dir='ltr'>aedes</span> <span class='ocrx_word' id='word_1_32' title='bbox 674 937 729 971; x_wconf 89' lang='lat' dir='ltr'>ut</span> <span class='ocrx_word' id='word_1_33' title='bbox 764 924 851 971; x_wconf 89' lang='lat' dir='ltr'>sibi</span> <span class='ocrx_word' id='word_1_34' title='bbox 882 938 1057 984; x_wconf 82' lang='lat' dir='ltr'>essent,</span> <span class='ocrx_word' id='word_1_35' title='bbox 1088 927 1301 975; x_wconf 87' lang='lat' dir='ltr'>Casinam</span> <span class='ocrx_word' id='word_1_36' title='bbox 1335 947 1435 991; x_wconf 92' lang='lat' dir='ltr'>quo</span> <span class='ocrx_word' id='word_1_37' title='bbox 1469 932 1552 978; x_wconf 79' lang='lat' dir='ltr'>de-</span> 
     </span>
     <span class='ocr_line' id='line_1_9' title="bbox 535 999 739 1044; baseline -0.005 0"><span class='ocrx_word' id='word_1_38' title='bbox 535 999 739 1044; x_wconf 88' lang='lat' dir='ltr'>duceret.</span> 
     </span>
    </p>
   </div>
   <div class='ocr_carea' id='block_1_6' title="bbox 274 1071 1557 1556">
    <p class='ocr_par' dir='ltr' id='par_1_6' title="bbox 274 1071 1557 1556">
     <span class='ocr_line' id='line_1_10' title="bbox 276 1071 1553 1140; baseline 0.005 -22"><span class='ocrx_word' id='word_1_39' title='bbox 276 1073 420 1118; x_wconf 92' lang='lat' dir='ltr'>Nunc</span> <span class='ocrx_word' id='word_1_40' title='bbox 449 1071 567 1116; x_wconf 90' lang='lat' dir='ltr'>adeo</span> <span class='ocrx_word' id='word_1_41' title='bbox 596 1087 904 1132; x_wconf 88' lang='lat' dir='ltr'>nequaquam</span> <span class='ocrx_word' id='word_1_42' title='bbox 937 1088 1184 1131; x_wconf 83' lang='lat' dir='ltr'>arcessam,</span> <span class='ocrx_word' id='word_1_43' title='bbox 1211 1091 1272 1120; x_wconf 89' lang='lat' dir='ltr'>ne</span> <span class='ocrx_word' id='word_1_44' title='bbox 1301 1091 1398 1136; x_wconf 90' lang='lat' dir='ltr'>qua</span> <span class='ocrx_word' id='word_1_45' title='bbox 1423 1077 1553 1140; x_wconf 85' lang='lat' dir='ltr'>igna-</span> 
     </span>
     <span class='ocr_line' id='line_1_11' title="bbox 316 1153 743 1191; baseline -0.016 2"><span class='ocrx_word' id='word_1_46' title='bbox 316 1153 322 1158; x_wconf 85' lang='lat'>&#39;</span> <span class='ocrx_word' id='word_1_47' title='bbox 531 1158 743 1191; x_wconf 81' lang='lat' dir='ltr'>vissumls</span> 
     </span>
     <span class='ocr_line' id='line_1_12' title="bbox 274 1215 1378 1278; baseline 0.005 -16"><span class='ocrx_word' id='word_1_48' title='bbox 274 1215 550 1263; x_wconf 82' lang='lat' dir='ltr'>Liberi-loci</span> <span class='ocrx_word' id='word_1_49' title='bbox 579 1227 781 1278; x_wconf 84' lang='lat' dir='ltr'>potestas</span> <span class='ocrx_word' id='word_1_50' title='bbox 806 1216 862 1261; x_wconf 87' lang='lat' dir='ltr'>sit</span> <span class='ocrx_word' id='word_1_51' title='bbox 891 1219 1061 1264; x_wconf 88' lang='lat' dir='ltr'>vetulis</span> <span class='ocrx_word' id='word_1_52' title='bbox 1089 1221 1378 1268; x_wconf 85' lang='lat' dir='ltr'>vervecibus.</span> 
     </span>
     <span class='ocr_line' id='line_1_13' title="bbox 278 1290 1556 1355; baseline 0.003 -18"><span class='ocrx_word' id='word_1_53' title='bbox 278 1290 375 1337; x_wconf 87' lang='lat' dir='ltr'>Sed</span> <span class='ocrx_word' id='word_1_54' title='bbox 393 1307 559 1336; x_wconf 90' lang='lat' dir='ltr'>eccum</span> <span class='ocrx_word' id='word_1_55' title='bbox 578 1290 814 1354; x_wconf 85' lang='lat' dir='ltr'>egreditur</span> <span class='ocrx_word' id='word_1_56' title='bbox 835 1291 982 1337; x_wconf 89' lang='lat' dir='ltr'>senati</span> <span class='ocrx_word' id='word_1_57' title='bbox 1000 1293 1224 1339; x_wconf 89' lang='lat' dir='ltr'>columen</span> <span class='ocrx_word' id='word_1_58' title='bbox 1239 1329 1252 1352; x_wconf 92' lang='lat'>,</span> <span class='ocrx_word' id='word_1_59' title='bbox 1273 1294 1556 1355; x_wconf 82' lang='lat' dir='ltr'>praesidium</span> 
     </span>
     <span class='ocr_line' id='line_1_14' title="bbox 530 1362 1263 1423; baseline 0.003 -16"><span class='ocrx_word' id='word_1_60' title='bbox 530 1362 666 1423; x_wconf 86' lang='lat' dir='ltr'>popli</span> <span class='ocrx_word' id='word_1_61' title='bbox 686 1398 699 1420; x_wconf 92' lang='lat'>,</span> <span class='ocrx_word' id='word_1_62' title='bbox 1259 1404 1263 1409; x_wconf 72' lang='grc'>,</span> 
     </span>
     <span class='ocr_line' id='line_1_15' title="bbox 280 1436 1557 1502; baseline 0.004 -20"><span class='ocrx_word' id='word_1_63' title='bbox 280 1437 415 1482; x_wconf 86' lang='lat' dir='ltr'>Meus</span> <span class='ocrx_word' id='word_1_64' title='bbox 441 1436 645 1494; x_wconf 83' lang='lat' dir='ltr'>vicinuS,</span> <span class='ocrx_word' id='word_1_65' title='bbox 668 1453 781 1483; x_wconf 89' lang='lat' dir='ltr'>meo</span> <span class='ocrx_word' id='word_1_66' title='bbox 808 1438 909 1485; x_wconf 90' lang='lat' dir='ltr'>viro</span> <span class='ocrx_word' id='word_1_67' title='bbox 937 1440 1023 1501; x_wconf 87' lang='lat' dir='ltr'>qui</span> <span class='ocrx_word' id='word_1_68' title='bbox 1044 1440 1250 1488; x_wconf 87' lang='lat' dir='ltr'>liberum</span> <span class='ocrx_word' id='word_1_69' title='bbox 1265 1440 1459 1502; x_wconf 88' lang='lat' dir='ltr'>praebet</span> <span class='ocrx_word' id='word_1_70' title='bbox 1484 1443 1557 1488; x_wconf 85' lang='lat' dir='ltr'>lo·-</span> 
     </span>
     <span class='ocr_line' id='line_1_16' title="bbox 536 1526 660 1556; baseline 0.008 -1"><span class='ocrx_word' id='word_1_71' title='bbox 536 1526 660 1556; x_wconf 89' lang='lat' dir='ltr'>cum.</span> 
     </span>
    </p>
   </div>
   <div class='ocr_carea' id='block_1_7' title="bbox 279 1583 1554 1711">
    <p class='ocr_par' dir='ltr' id='par_1_7' title="bbox 279 1583 1554 1711">
     <span class='ocr_line' id='line_1_17' title="bbox 279 1583 1554 1648; baseline 0.002 -21"><span class='ocrx_word' id='word_1_72' title='bbox 279 1583 394 1628; x_wconf 92' lang='lat' dir='ltr'>Non</span> <span class='ocrx_word' id='word_1_73' title='bbox 413 1594 585 1628; x_wconf 87' lang='lat' dir='ltr'>ecastor</span> <span class='ocrx_word' id='word_1_74' title='bbox 603 1583 706 1628; x_wconf 87' lang='lat' dir='ltr'>vilis</span> <span class='ocrx_word' id='word_1_75' title='bbox 727 1596 859 1630; x_wconf 87' lang='lat' dir='ltr'>emtu</span> <span class='ocrx_word' id='word_1_76' title='bbox 880 1586 934 1630; x_wconf 90' lang='lat' dir='ltr'>’st</span> <span class='ocrx_word' id='word_1_77' title='bbox 953 1585 1141 1631; x_wconf 88' lang='lat' dir='ltr'>modius</span> <span class='ocrx_word' id='word_1_78' title='bbox 1155 1621 1168 1644; x_wconf 93' lang='lat'>,</span> <span class='ocrx_word' id='word_1_79' title='bbox 1191 1587 1276 1648; x_wconf 90' lang='lat' dir='ltr'>qui</span> <span class='ocrx_word' id='word_1_80' title='bbox 1293 1586 1425 1633; x_wconf 86' lang='lat' dir='ltr'>venit</span> <span class='ocrx_word' id='word_1_81' title='bbox 1443 1587 1554 1632; x_wconf 88' lang='lat' dir='ltr'>salis.</span> 
     </span>
     <span class='ocr_line' id='line_1_18' title="bbox 631 1677 1203 1711; baseline 0 -1"><span class='ocrx_word' id='word_1_82' title='bbox 631 1678 665 1710; x_wconf 89' lang='lat' dir='ltr'><strong>A</strong></span> <span class='ocrx_word' id='word_1_83' title='bbox 700 1678 729 1710; x_wconf 89' lang='lat' dir='ltr'>L</span> <span class='ocrx_word' id='word_1_84' title='bbox 766 1679 793 1710; x_wconf 85' lang='lat' dir='ltr'>c</span> <span class='ocrx_word' id='word_1_85' title='bbox 829 1679 858 1711; x_wconf 89' lang='grc' dir='ltr'>Ε</span> <span class='ocrx_word' id='word_1_86' title='bbox 896 1678 917 1711; x_wconf 88' lang='lat' dir='ltr'>s</span> <span class='ocrx_word' id='word_1_87' title='bbox 956 1678 976 1710; x_wconf 94' lang='lat'>1</span> <span class='ocrx_word' id='word_1_88' title='bbox 1013 1678 1055 1710; x_wconf 92' lang='lat' dir='ltr'>M</span> <span class='ocrx_word' id='word_1_89' title='bbox 1092 1678 1126 1710; x_wconf 87' lang='lat' dir='ltr'>U</span> <span class='ocrx_word' id='word_1_90' title='bbox 1164 1677 1203 1710; x_wconf 89' lang='lat' dir='ltr'>s.·</span> 
     </span>
    </p>
   </div>
   <div class='ocr_carea' id='block_1_8' title="bbox 280 1744 1556 1875">
    <p class='ocr_par' dir='ltr' id='par_1_8' title="bbox 280 1744 1556 1875">
     <span class='ocr_line' id='line_1_19' title="bbox 280 1744 1556 1807; baseline 0.002 -17"><span class='ocrx_word' id='word_1_91' title='bbox 280 1745 428 1790; x_wconf 87' lang='lat' dir='ltr'>Miror</span> <span class='ocrx_word' id='word_1_92' title='bbox 458 1744 554 1790; x_wconf 90' lang='lat' dir='ltr'>huc</span> <span class='ocrx_word' id='word_1_93' title='bbox 582 1745 682 1807; x_wconf 85' lang='lat' dir='ltr'>jam</span> <span class='ocrx_word' id='word_1_94' title='bbox 714 1761 815 1789; x_wconf 91' lang='lat' dir='ltr'>non</span> <span class='ocrx_word' id='word_1_95' title='bbox 846 1745 1003 1790; x_wconf 88' lang='lat' dir='ltr'>arcessi</span> <span class='ocrx_word' id='word_1_96' title='bbox 1033 1745 1082 1790; x_wconf 88' lang='lat' dir='ltr'>in</span> <span class='ocrx_word' id='word_1_97' title='bbox 1105 1761 1401 1806; x_wconf 85' lang='lat' dir='ltr'>proxumum</span> <span class='ocrx_word' id='word_1_98' title='bbox 1435 1761 1556 1792; x_wconf 83' lang='lat' dir='ltr'>uxo-</span> 
     </span>
     <span class='ocr_line' id='line_1_20' title="bbox 532 1834 843 1875; baseline 0 -12"><span class='ocrx_word' id='word_1_99' title='bbox 532 1835 633 1863; x_wconf 79' lang='lat' dir='ltr'>rem</span> <span class='ocrx_word' id='word_1_100' title='bbox 661 1834 843 1875; x_wconf 87' lang='lat' dir='ltr'>meam,</span> 
     </span>
    </p>
   </div>
   <div class='ocr_carea' id='block_1_9' title="bbox 284 1890 1558 2008">
    <p class='ocr_par' dir='ltr' id='par_1_9' title="bbox 284 1890 1558 2008">
     <span class='ocr_line' id='line_1_21' title="bbox 284 1890 1558 1961; baseline 0 -26"><span class='ocrx_word' id='word_1_101' title='bbox 284 1892 422 1961; x_wconf 74' lang='lat' dir='ltr'>Quae</span> <span class='ocrx_word' id='word_1_102' title='bbox 440 1890 731 1954; x_wconf 82' lang='lat' dir='ltr'>jamdudum</span> <span class='ocrx_word' id='word_1_103' title='bbox 750 1926 763 1949; x_wconf 93' lang='lat'>,</span> <span class='ocrx_word' id='word_1_104' title='bbox 791 1891 826 1936; x_wconf 88' lang='lat' dir='ltr'>si</span> <span class='ocrx_word' id='word_1_105' title='bbox 851 1901 1121 1948; x_wconf 76' lang='lat' dir='ltr'>arcessatur,</span> <span class='ocrx_word' id='word_1_106' title='bbox 1143 1901 1305 1937; x_wconf 88' lang='lat' dir='ltr'>ornata</span> <span class='ocrx_word' id='word_1_107' title='bbox 1325 1901 1558 1952; x_wconf 83' lang='lat' dir='ltr'>exspectat</span> 
     </span>
     <span class='ocr_line' id='line_1_22' title="bbox 538 1962 681 2008; baseline 0 -1"><span class='ocrx_word' id='word_1_108' title='bbox 538 1962 681 2008; x_wconf 89' lang='lat' dir='ltr'>domi.</span> 
     </span>
    </p>
   </div>
   <div class='ocr_carea' id='block_1_10' title="bbox 284 2034 1458 2164">
    <p class='ocr_par' dir='ltr' id='par_1_10' title="bbox 284 2034 1458 2164">
     <span class='ocr_line' id='line_1_23' title="bbox 284 2034 1458 2097; baseline 0.002 -17"><span class='ocrx_word' id='word_1_109' title='bbox 284 2034 377 2081; x_wconf 87' lang='lat' dir='ltr'>Sed</span> <span class='ocrx_word' id='word_1_110' title='bbox 395 2051 568 2092; x_wconf 88' lang='lat' dir='ltr'>eccam,</span> <span class='ocrx_word' id='word_1_111' title='bbox 590 2036 786 2097; x_wconf 84' lang='lat' dir='ltr'>opinor,</span> <span class='ocrx_word' id='word_1_112' title='bbox 808 2036 999 2082; x_wconf 86' lang='lat' dir='ltr'>arcessit.</span> <span class='ocrx_word' id='word_1_113' title='bbox 1031 2037 1176 2094; x_wconf 86' lang='lat' dir='ltr'>salve,</span> <span class='ocrx_word' id='word_1_114' title='bbox 1193 2037 1458 2082; x_wconf 87' lang='lat' dir='ltr'>Cleostrata.</span> 
     </span>
     <span class='ocr_line' id='line_1_24' title="bbox 591 2129 1236 2164; baseline 0.005 -3"><span class='ocrx_word' id='word_1_115' title='bbox 591 2130 618 2161; x_wconf 91' lang='lat' dir='ltr'>c</span> <span class='ocrx_word' id='word_1_116' title='bbox 655 2129 684 2162; x_wconf 87' lang='lat' dir='ltr'>L</span> <span class='ocrx_word' id='word_1_117' title='bbox 721 2129 750 2162; x_wconf 85' lang='lat' dir='ltr'>E</span> <span class='ocrx_word' id='word_1_118' title='bbox 789 2130 820 2162; x_wconf 92' lang='lat' dir='ltr'>o</span> <span class='ocrx_word' id='word_1_119' title='bbox 858 2130 881 2162; x_wconf 92' lang='lat' dir='ltr'>s</span> <span class='ocrx_word' id='word_1_120' title='bbox 918 2130 948 2162; x_wconf 85' lang='lat' dir='ltr'>T</span> <span class='ocrx_word' id='word_1_121' title='bbox 983 2131 1017 2164; x_wconf 82' lang='lat' dir='ltr'>R</span> <span class='ocrx_word' id='word_1_122' title='bbox 1051 2130 1086 2162; x_wconf 86' lang='lat' dir='ltr'><strong>A</strong></span> <span class='ocrx_word' id='word_1_123' title='bbox 1122 2131 1152 2163; x_wconf 88' lang='lat' dir='ltr'>T</span> <span class='ocrx_word' id='word_1_124' title='bbox 1188 2131 1236 2164; x_wconf 89' lang='lat' dir='ltr'>A.</span> 
     </span>
    </p>
   </div>
   <div class='ocr_carea' id='block_1_11' title="bbox 287 2197 1554 2319">
    <p class='ocr_par' dir='ltr' id='par_1_11' title="bbox 287 2197 1554 2319">
     <span class='ocr_line' id='line_1_25' title="bbox 1128 2197 1554 2257; baseline -0.009 -11"><span class='ocrx_word' id='word_1_125' title='bbox 1128 2200 1189 2246; x_wconf 91' lang='lat' dir='ltr'>Et</span> <span class='ocrx_word' id='word_1_126' title='bbox 1208 2211 1262 2245; x_wconf 92' lang='lat' dir='ltr'>tu</span> <span class='ocrx_word' id='word_1_127' title='bbox 1277 2234 1291 2257; x_wconf 94' lang='lat'>,</span> <span class='ocrx_word' id='word_1_128' title='bbox 1313 2197 1554 2245; x_wconf 88' lang='lat' dir='ltr'>Alcesime.</span> 
     </span>
     <span class='ocr_line' id='line_1_26' title="bbox 287 2271 668 2319; baseline 0.003 -3"><span class='ocrx_word' id='word_1_129' title='bbox 287 2271 381 2317; x_wconf 89' lang='lat' dir='ltr'>Ubi</span> <span class='ocrx_word' id='word_1_130' title='bbox 408 2283 490 2319; x_wconf 87' lang='lat' dir='ltr'>tua</span> <span class='ocrx_word' id='word_1_131' title='bbox 516 2273 668 2319; x_wconf 84' lang='lat' dir='ltr'>uxor?</span> 
     </span>
    </p>
   </div>
   <div class='ocr_carea' id='block_1_12' title="bbox 641 2365 1550 2494">
    <p class='ocr_par' dir='ltr' id='par_1_12' title="bbox 641 2365 1550 2494">
     <span class='ocr_line' id='line_1_27' title="bbox 652 2365 1217 2400; baseline -0.004 -1"><span class='ocrx_word' id='word_1_132' title='bbox 652 2367 687 2399; x_wconf 89' lang='lat' dir='ltr'>A</span> <span class='ocrx_word' id='word_1_133' title='bbox 723 2367 752 2398; x_wconf 85' lang='lat' dir='ltr'>L</span> <span class='ocrx_word' id='word_1_134' title='bbox 789 2367 815 2400; x_wconf 89' lang='lat' dir='ltr'>c</span> <span class='ocrx_word' id='word_1_135' title='bbox 850 2367 880 2399; x_wconf 82' lang='grc' dir='ltr'><strong>Ε</strong></span> <span class='ocrx_word' id='word_1_136' title='bbox 918 2366 938 2400; x_wconf 88' lang='lat' dir='ltr'>s</span> <span class='ocrx_word' id='word_1_137' title='bbox 975 2368 995 2399; x_wconf 93' lang='lat'>1</span> <span class='ocrx_word' id='word_1_138' title='bbox 1032 2366 1074 2399; x_wconf 86' lang='lat' dir='ltr'>M</span> <span class='ocrx_word' id='word_1_139' title='bbox 1109 2367 1143 2399; x_wconf 82' lang='lat' dir='ltr'>u</span> <span class='ocrx_word' id='word_1_140' title='bbox 1181 2365 1217 2398; x_wconf 90' lang='lat' dir='ltr'>s.</span> 
     </span>
     <span class='ocr_line' id='line_1_28' title="bbox 641 2433 1550 2494; baseline 0.001 -18"><span class='ocrx_word' id='word_1_141' title='bbox 641 2433 774 2478; x_wconf 86' lang='lat' dir='ltr'>Intus</span> <span class='ocrx_word' id='word_1_142' title='bbox 797 2434 873 2494; x_wconf 69' lang='lat' dir='ltr'>illa</span> <span class='ocrx_word' id='word_1_143' title='bbox 898 2445 974 2489; x_wconf 85' lang='lat' dir='ltr'>te,</span> <span class='ocrx_word' id='word_1_144' title='bbox 1001 2433 1034 2477; x_wconf 87' lang='lat' dir='ltr'>si</span> <span class='ocrx_word' id='word_1_145' title='bbox 1057 2449 1103 2478; x_wconf 89' lang='lat' dir='ltr'>se</span> <span class='ocrx_word' id='word_1_146' title='bbox 1128 2446 1314 2480; x_wconf 85' lang='lat' dir='ltr'>arcessas</span> <span class='ocrx_word' id='word_1_147' title='bbox 1329 2465 1343 2488; x_wconf 93' lang='lat'>,</span> <span class='ocrx_word' id='word_1_148' title='bbox 1364 2442 1550 2480; x_wconf 88' lang='lat' dir='ltr'>manet:</span> 
     </span>
    </p>
   </div>
   <div class='ocr_carea' id='block_1_13' title="bbox 1620 2228 1650 2826">
    <p class='ocr_par' dir='ltr' id='par_1_13' title="bbox 1620 2228 1650 2826">
     <span class='ocr_line' id='line_1_29' title="bbox 1620 2228 1650 2826; baseline 0 0"><span class='ocrx_word' id='word_1_149' title='bbox 1620 2228 1650 2826; x_wconf 95' lang='lat' dir='ltr'> </span> 
     </span>
    </p>
   </div>
  </div>
 </body>
</html>
