1650 2826
107 209 153 248 v.
182 215 234 247 12
419 191 707 243 ACTUS
755 191 815 240 V.
870 190 976 239 SC.
1031 193 1068 238 Ι.
1290 208 1377 251 ῐο7

107 303 241 351 Voce
277 303 532 348 exclamat:
564 299 856 356 Alcumena,
876 298 1006 345 adest
1035 299 1295 356 auxilium,
1319 315 1382 344 ne

358 375 474 422 time
498 393 509 419 :

106 451 171 497 Et
194 449 309 506 tibi5
332 458 380 494 et
399 447 491 494 tuis
510 447 743 509 propitius
765 445 886 492 coeli
908 447 1062 492 cultor
1081 444 1287 490 advenit.

108 522 352 587 Exsurgite
366 556 380 578 ‚
398 521 557 582 inquit
575 555 588 577 ‚
609 521 695 581 qui
712 531 886 566 terrore
900 535 1010 564 meo
1029 517 1257 564 occidistis
1273 532 1386 577 prae

359 583 508 639 metu.
901 649 903 651 v

109 668 174 715 Ut
195 667 348 734 jacui,
373 682 584 730 exsurgO.
617 664 776 711 ardere
810 663 968 711 censui
1004 663 1127 709 aedis
1145 697 1158 720 ,
1189 663 1254 708 ita
1276 673 1384 708 tum

358 739 710 804 confulgebant.

111 811 187 858 Ibi
218 828 297 859 me
318 813 538 860 inclamat
566 811 856 857 Alcumena:
881 810 977 873 jam
1002 827 1055 856 ea
1080 827 1149 856 res
1172 827 1252 856 me
1279 811 1387 856 hor-

301 883 308 888 ’
356 899 461 929 rore
496 882 647 928 afficit.

112 954 279 1000 Herilis
305 956 560 1016 praevortit
591 965 747 1000 metus
776 973 786 998 ε
829 954 957 999 ocius
981 970 1170 1000 accurro
1190 988 1204 1012 ,
1229 965 1286 1000 ut
1306 954 1388 1001 sci-.-

361 1046 484 1075 scam
506 1029 626 1090 quid
643 1028 777 1075 velit:

113 1099 275 1162 Atque
299 1101 429 1147 illam
457 1102 668 1165 geminos
693 1101 811 1146 filios
837 1117 1008 1162 pueros
1023 1101 1253 1162 peperisse
1276 1115 1388 1146 con-

361 1176 538 1236 spicor3

110 1245 284 1307 Neque
317 1257 533 1292 nostrum
566 1246 818 1306 quisquam
847 1247 1098 1304 sensimus,
1124 1235 1278 1308 quom
1307 1262 1390 1307 pe-

363 1318 512 1379 perit,
537 1333 698 1376 neque
715 1318 1043 1377 praevidimus.

91 1392 208 1439 -Sed
241 1390 362 1452 quid
388 1391 506 1436 hoc.
497 1390 517 1422 Ρ
551 1389 655 1449 quis
684 1389 760 1434 hic
785 1403 851 1435 est
882 1407 1050 1447 senex,

113 1466 216 1536 Qui
241 1475 351 1510 ante
374 1461 497 1508 aedis
530 1471 705 1507 nostras
733 1461 795 1507 sic
815 1464 971 1525 jacet?
1002 1479 1235 1508 numnam
1260 1463 1391 1548 hunc

367 1536 591 1596 percussit
611 1537 858 1597 Juppiter.
847 1537 869 1570 Ρ

117 1607 273 1654 Credo
308 1608 516 1669 edepol.
554 1624 698 1665 nam,
733 1609 856 1669 proh
886 1609 1136 1671 Juppiter!
1181 1610 1391 1672 sepultus

368 1691 457 1738 est,
488 1682 620 1741 quasi
646 1682 708 1727 ‘sit
737 1693 967 1728 mortuus.

113 1753 232 1810 Ibo,
261 1751 309 1798 e't
332 1768 608 1817 cognoscam
639 1753 851 1814 quisquis
874 1766 954 1799 est.
990 1753 1279 1817 Amphitruo
1310 1755 1388 1801 hic

365 1825 563 1885 quidem
584 1826 638 1870 'st
666 1826 804 1871 herus
831 1843 979 1872 meus.

99 1905 102 1910 '
114 1899 402 1962 Amphitruo
418 1901 428 1947 !

455 1974 1047 2012 AMPHITRUO.

364 2036 512 2082 Perii!

565 2113 947 2147 BROMIA.

435 2170 595 2236 Surge.

448 2265 1045 2301 AMPHITRUO.

532 2325 716 2371 Interii!

555 2409 942 2443 BROMIA.

662 2469 1028 2518 Cedomanum.
