1650 2826
24 2414 51 2454 ,ἵί

30 2474 49 2486 ,.

22 2483 53 2516 ,ὅ

134 213 267 262 v.28
452 206 1134 259 PROLOGUS.
1307 226 1398 270 473

135 317 374 366 Secundum
403 316 522 363 ludos
550 313 735 361 reddunt
766 324 907 359 autem
934 313 1105 360 nemini.

137 391 275 437 Aures
298 391 471 438 vacivae
495 389 538 432 si
562 397 665 432 sunt
679 421 694 434 ,
717 383 906 432 animum
926 384 1163 431 advortite.-

142 459 386 510 comoediai
404 477 552 508 nomen
584 460 686 506 dare
711 460 827 507 vobis
852 456 977 506 volo(

139 534 409 580 Clerumenoe
435 544 614 581 vocatur
639 533 741 578 llaec
772 529 992 577 Comoedia

146 605 331 655 Graece,
358 606 514 652 Latine
538 606 786 651 Sortientes.
815 603 1024 668 Diphilus

139 676 270 727 Hanc
302 677 464 723 Graece
493 678 690 725 scribsit,
713 687 814 740 post
842 675 889 720 id
915 692 1086 720 rursum
1114 675 1247 722 denuo

139 748 294 800 Latine
320 750 508 796 Plautus
536 766 631 796 cum
658 749 842 794 latranti
867 749 1046 793 nomine.

137 821 280 869 Senex
304 821 373 867 hic
392 823 580 868 maritus
603 820 800 866 habitat:
823 821 879 864 eii
902 831 965 863 est
975 819 1120 882 filius.

139 893 188 942 Is
209 911 297 940 una
320 910 415 940 cum
428 906 558 959 patre
582 895 627 939 in
658 893 792 939 illisce
823 892 992 938 habitat
1018 893 1202 941 aedibus.

140 964 221 1014 Est
249 967 306 1012 eii
331 967 503 1029 quidam
531 983 701 1014 servos,
728 967 801 1030 qui
828 967 872 1011 in
901 965 1041 1010 morbo
1073 966 1229 1011 cubam

140 1037 276 1085 Immo
305 1038 442 1085 hercle
467 1056 563 1086 vero
594 1041 638 1085 in
669 1040 800 1088 lecto.
830 1055 883 1084 ne
906 1038 1012 1100 quid
1033 1040 1232 1084 mentiar.

141 1108 190 1155 Is
221 1126 396 1157 servos„v
415 1110 492 1157 sed
511 1110 663 1155 abhinc
690 1125 822 1154 annos
837 1109 1017 1174 factum
1045 1110 1099 1155 'st
1123 1111 1333 1161 sedecim,

142 1180 283 1254 Quom
305 1185 567 1246 conspicatus
595 1194 657 1226 est
677 1185 814 1245 primo
839 1184 1079 1246 crepusculo

144 1254 342 1302 Puellam
371 1256 524 1318 exponi
535 1271 554 1299 ;
583 1253 678 1298 adit
704 1255 909 1317 extemplo
936 1255 995 1299 ad
1019 1256 1265 1304 mulierem,

144 1327 274 1447 Ξῖαε
304 1326 426 1371 illam
461 1326 724 1389 exponebat.-
749 1337 872 1374 orat.
902 1338 952 1370 ut
981 1343 1075 1371 eam
1104 1327 1174 1372 det
1200 1328 1281 1373 sibi
1291 1347 1307 1374 .-

219 1411 343 1448 orat,
372 1398 546 1462 aufert,
574 1398 728 1444 detulit
756 1409 876 1443 recta
897 1398 1093 1444 domum.-

146 1473 246 1520 Dat
276 1473 401 1518 lterae
430 1489 532 1517 suae
547 1507 563 1520 ,
585 1484 706 1520 orat,
731 1484 781 1519 ut
808 1489 900 1520 eam
929 1484 1075 1520 curet,
1095 1472 1253 1518 educet.

144 1546 270 1595 Hera
289 1545 445 1608 facit,
472 1545 668 1591 educavit
691 1562 854 1607 magna
876 1545 1115 1595 industria,

149 1619 293 1738 guasi
312 1620 352 1662 si
376 1630 483 1664 esset
516 1635 569 1663 ex
596 1635 640 1664 se
670 1631 804 1667 nata,
828 1635 910 1664 non
936 1620 1069 1664 multo
1095 1636 1227 1667 secus..

189 1703 379 1753 ostquam
409 1691 591 1738 adolevit
619 1691 679 1737 ad
701 1707 793 1737 eam
821 1704 1028 1740 aetatem,
1060 1694 1128 1737 uti
1151 1693 1258 1739 viris

148 1764 326 1808 Placere
339 1774 495 1827 posset.
529 1774 577 1808 at
599 1781 690 1810 eam
703 1765 895 1829 puellam
923 1765 992 1810 hic
1021 1782 1150 1810 senex

148 1837 282 1881 Amat
306 1835 521 1895 efflictim,
541 1847 584 1881 et
600 1838 700 1882 item
718 1849 866 1883 contra
874 1839 1018 1902 filius.

148 1907 241 1952 Sibi
262 1923 374 1951 nunc
404 1919 576 1969 uterque
606 1921 755 1954 contra
786 1909 968 1970 legiones
987 1922 1152 1974 parat,

148 1978 283 2025 Pater
294 1979 534 2042 filiusque,
566 1981 677 2025 clam
704 1982 815 2026 alter
837 1982 1032 2026 alterum.

149 2051 285 2099 Pater
318 2051 525 2111 allegavit
553 2050 770 2099 villicum,
801 2054 874 2113 qui
894 2065 1087 2116 posceret

150 2124 243 2169 Sibi
267 2125 395 2168 istam
429 2139 604 2169 uxorem
621 2141 634 2167 .·
658 2126 694 2168 is
719 2135 890 2188 sperat,
919 2126 959 2168 si
986 2126 1042 2168 eii
1068 2126 1128 2169 sit
1157 2124 1285 2175 data.

151 2197 244 2242 Sibi
255 2196 360 2260 fore
371 2208 578 2260 paratas,
597 2197 707 2242 clam
725 2214 923 2246 uxorem,
947 2198 1146 2243 excubias
1157 2198 1288 2262 foris.

154 2267 292 2314 Filius
319 2281 462 2314 autem
492 2271 751 2330 armigerum
784 2271 990 2331 allegavit
1017 2287 1162 2318 suum,

155 2338 248 2460 {ui
265 2342 346 2386 sibi
368 2358 460 2387 eam
477 2359 651 2388 uxorem
665 2355 829 2407 poscat.
858 2345 966 2392 scit,
982 2345 1022 2389 si
1038 2343 1086 2390 id
1099 2345 1305 2408 inpetret,

196 2422 392 2462 uturum,
412 2414 524 2477 quod
547 2425 684 2463 amat,
708 2417 827 2462 intra
845 2417 1061 2480 praesepis
1080 2432 1194 2460 suas.

162 2482 282 2532 Uxor
308 2483 417 2532 senis
444 2490 576 2535 sensit
602 2490 741 2536 virum
757 2491 908 2548 ‚amori
936 2506 1103 2554 operam
1131 2489 1256 2537 dare,
