1650 2826
57 215 79 237 .
134 192 263 239 v.14
456 172 726 222 ACTUS
768 172 845 219 11.
886 170 986 241 SC7
1038 171 1097 219 V.
1310 187 1401 235 493

548 294 581 329 Ο
616 293 650 328 1.
682 292 718 327 Y
752 291 797 328 M
830 292 860 326 P
893 292 915 325 1
953 292 1001 326 Ο.

989 349 1408 408 Orat,obsecrat‚

140 425 215 472 Ne
245 423 457 472 Casinam
484 434 686 467 uxorem
714 418 900 466 ducam.

557 517 581 552 s
617 518 649 551 Τ
684 518 719 551 A
754 519 784 552 L
818 518 839 551 1
876 519 911 552 N
947 519 995 552 o.

972 588 1109 658 Quid
1132 598 1189 635 tu
1214 588 1410 651 postea?

543 688 577 721 o
614 688 644 720 1.
675 687 712 721 Y
748 688 791 720 M
827 689 854 721 Ρ
894 689 915 721 1
954 689 1003 721 o.

146 759 326 824 Negavi
358 758 485 804 enim
513 756 599 818 ipsi
621 772 700 802 me
727 773 1057 804 concessurum
1079 756 1191 816 Jovi
1205 791 1221 816 ,

139 831 190 881 Si
214 834 251 881 is
279 848 471 879 mecum
501 844 663 876 oraret.

579 930 602 964 s
639 929 671 962 'r
708 929 743 962 A
777 929 808 963 1.
843 929 865 977 ζ
897 929 933 962 Ν
972 930 1020 962 o.

709 996 791 1042 Dii
809 1007 856 1042 te
883 997 1122 1043 servassint
1147 999 1283 1045 mihi.

562 1086 594 1119 ο
630 1086 661 1118 1.
697 1085 731 1117 Y
766 1086 810 1117 M
845 1086 873 1118 P
910 1087 932 1119 1
969 1087 1016 1119 o.
1093 1117 1121 1144 ο

147 1156 289 1202 Nunc
322 1155 374 1199 in
403 1153 637 1199 fermento
668 1162 770 1197 tota
792 1152 846 1197 ’st
862 1185 877 1208 ‚
899 1152 964 1198 ita
981 1163 1140 1218 tinget
1166 1156 1299 1202 mihi.

566 1251 589 1284 s
626 1251 657 1283 T
692 1252 727 1284 A
761 1251 791 1284 1.
826 1252 847 1284 1
884 1253 917 1285 Ν
956 1253 1003 1285 ο.

147 1321 362 1383 Edepol,
382 1335 470 1383 ego
497 1319 627 1364 illam
654 1318 863 1363 mediam
890 1317 1129 1380 diruptam
1149 1321 1308 1367 velim.

563 1419 1019 1453 OLYMPIO.

152 1493 309 1542 Credo
344 1491 514 1553 edepol
543 1507 664 1547 esse,
690 1490 927 1551 siquidem
950 1502 1005 1536 tu
1033 1489 1157 1555 frugi
1182 1492 1336 1539 bonae
1358 1510 1417 1540 es.

149 1565 335 1612 'Verum
366 1564 539 1625 edepol
568 1574 651 1608 tua
680 1563 799 1608 mihi
829 1562 990 1609 odiosa
1007 1563 1062 1608 ’st
1090 1564 1291 1610 amatio:

154 1638 353 1685 Inimica
386 1638 452 1682 est
480 1647 564 1682 tua
585 1651 708 1682 uxot
738 1635 884 1694 mihi,
914 1636 1133 1684 inimicus
1163 1637 1315 1697 filius,

154 1709 343 1756 Inimici
369 1707 623 1755 familiares.

567 1803 591 1837 S
630 1803 662 1835 Τ
695 1802 731 1835 A
764 1801 796 1834 L
832 1802 853 1834 I
887 1802 923 1835 N
961 1803 1009 1835 O.

670 1868 806 1939 Quid
838 1868 890 1914 id
916 1868 1055 1915 refert
1082 1870 1203 1914 tua?

161 1945 294 1992 Unus
324 1943 412 1988 tibi
440 1943 517 1989 hic
546 1943 665 1989 dum
691 1944 921 2003 propitius
948 1945 1007 1989 sit
1030 1944 1251 2003 Juppiter
1267 1977 1282 2000 ‚

159 2019 241 2065 Tu
269 2016 378 2061 istos
407 2016 617 2060 minutos
651 2031 761 2060 cave
787 2014 915 2059 Deos
948 2013 1255 2059 floccifeceris.

578 2114 1032 2148 OLYMPIO.

164 2192 330 2255 Nugae
352 2198 462 2234 sunt
480 2187 589 2232 istae
610 2201 817 2250 magnae.
843 2186 973 2250 quasi
994 2197 1047 2231 tu
1070 2185 1239 2231 nescias

162 2262 379 2323 Repente
408 2272 463 2307 ut
490 2260 778 2307 emoriantur
808 2260 1003 2305 humani
1018 2260 1171 2318 JoveS.

165 2334 260 2381 Sed
289 2336 482 2388 tandem
509 2335 544 2380 si
573 2346 627 2380 tu
651 2333 871 2395 juppiter
901 2333 955 2378 sis
983 2344 1224 2381 emortuus
1241 2368 1256 2392 ‚

167 2406 335 2474 Quom
360 2408 420 2473 ad
438 2407 566 2455 Deos
593 2407 795 2454 minores
821 2405 1007 2453 redierit
1032 2422 1235 2471 regnum
1259 2418 1428 2462 tuum,
