1650 2826
249 231 339 276 522
682 214 1082 264 CASINA.
1400 237 1542 284 v.33·

558 332 1205 371 PARDALlsGAe

438 406 676 455 Gladium.

667 502 688 536 s
727 503 758 536 T
795 501 828 535 A
865 504 894 537 L
929 504 949 554 1
986 504 1019 537 N
1057 504 1105 536 o.

602 575 741 644 Quid
767 592 882 621 eum
912 575 1160 640 gladium?

572 675 1216 721 PARDALLSCA.

1015 744 1188 809 Habet.

666 836 689 869 s
727 836 756 869 T
791 835 827 869 A
860 837 892 870 L
926 837 948 870 1
983 838 1016 871 N
1053 839 1101 871 ο.

1062 907 1157 953 Hei
1177 908 1346 955 misero
1375 909 1519 956 mihi!

243 984 339 1036 Cur
370 1001 483 1032 eum
514 985 692 1031 habet?

566 1079 594 1111 P
632 1078 666 1111 A
703 1079 735 1112 R
772 1080 806 1112 D
845 1079 878 1112 A
913 1078 942 1112 L
979 1079 1000 1111 1
1038 1078 1061 1112 s
1097 1081 1124 1113 c
1161 1080 1208 1114 A.

634 1143 893 1196 Insectatui·
924 1148 1077 1195 omnis
1106 1132 1241 1198 {lomi
1268 1168 1351 1214 per
1374 1154 1524 1214 aedis,

1013 1238 1103 1286 nac
1122 1239 1421 1285 quemquam

241 1299 396 1360 Prope
418 1298 478 1344 ad
505 1313 551 1343 se
573 1295 683 1342 sinit
705 1295 854 1342 adire:
887 1295 951 1343 ita
974 1313 1138 1362 onmes
1160 1298 1249 1345 sub
1273 1301 1383 1346 arcis
1398 1302 1524 1360 ,sub

498 1371 628 1417 lectis

243 1445 463 1492 Latentes
492 1455 637 1491 metu
662 1445 922 1491 mussitant.

665 1539 688 1572 S
725 1539 755 1572 T
793 1539 826 1572 A
862 1539 891 1571 L
929 1538 950 1571 I
984 1538 1018 1571 N
1055 1539 1102 1572 Ο.

733 1605 903 1653 Occidi
929 1617 1073 1667 atque
1101 1606 1281 1654 interii!
1312 1607 1432 1669 quid
1455 1609 1523 1655 illi

247 1678 509 1744 ObJectum
539 1679 593 1724 ’st
622 1678 734 1724 mali
758 1689 855 1724 tam
878 1677 1106 1739 repente?

567 1772 596 1805 P
633 1772 668 1805 A
702 1772 737 1805 R
771 1772 807 1804 D
844 1771 879 1803 A
914 1771 944 1804 L
980 1772 1000 1804 1
1039 1771 1060 1804 S
1099 1772 1125 1804 C
1161 1771 1210 1805 A.

1034 1839 1224 1885 Insanit.

663 1935 686 1970 S
724 1936 754 1969 T
789 1935 825 1968 A
858 1935 889 1969 L
925 1936 946 1968 1
981 1936 1014 1970 N
1053 1936 1101 1970 Ο.

1119 1991 1518 2045 Scelestissfimu'm

241 2066 320 2114 Me
358 2085 450 2115 esse
486 2070 641 2117 credo.

566 2142 1203 2196 PARDALISCA.

467 2232 625 2279 Immo
645 2234 680 2279 si
698 2234 805 2280 scias
826 2234 975 2292 dicta,
995 2250 1117 2295 quae
1138 2232 1258 2279 dixit
1275 2229 1430 2278 hodie.

660 2327 1098 2363 STALINO.

1388 2389 1514 2436 Istuc

239 2466 424 2529 Expeto
443 2466 567 2512 scire.
597 2466 716 2534 quid
739 2467 858 2514 dixit
877 2468 900 2514 P
