1650 2826
243 195 342 249 ⁹94
561 177 1190 235 BACCHIDEs.
1383 206 1517 254 v.54

243 294 365 343 Fieri
386 294 455 340 nil
486 303 668 355 potest,
696 294 808 340 Nox
825 330 838 352 ,
865 295 1037 342 Mulier
1052 330 1066 354 ‚
1095 296 1279 344 Vinum
1297 332 1311 356 ,
1333 299 1519 348 homini

401 367 405 370 ’
494 368 863 414 adulescentulo.

676 461 704 493 Β
740 461 775 493 Α
811 461 837 493 (3
874 461 900 493 c
938 462 971 494 Η
1006 462 1027 494 1
1064 461 1101 495 s.

248 535 349 599 Age
362 535 516 598 igitur.
535 532 760 595 equidem
777 534 862 594 pol
873 534 1009 581 nihili
1027 533 1144 580 facio
1155 535 1242 581 nisi
1260 551 1412 581 caussa
1426 546 1525 582 tua.

245 608 333 654 lue
357 607 555 669 quidem
587 607 707 652 hanc
738 605 956 654 abducet.
988 618 1042 654 tu
1076 609 1235 654 nullus
1262 609 1466 667 affueris,
1486 609 1521 654 si

501 694 604 726 non
631 678 783 724 lubet.
855 674 867 688 ⁶

541 775 1234 812 PISTOCLERUS.

251 847 435 897 Sumne
460 860 620 895 autem
645 847 806 903 nihili,
838 847 924 908 qui
949 863 1188 908 nequeam
1210 847 1400 911 ingenio
1424 864 1529 893 mo·-

507 919 655 966 derari
684 936 794 965 meo
812 919 834 964 Ξ)

682 1019 710 1051 Β
746 1019 781 1052 A
816 1020 842 1051 (3
879 1020 905 1056 (3
944 1020 977 1052 H
1013 1020 1034 1052 1
1070 1016 1110 1053 s.

256 1083 397 1156 Quid
419 1096 486 1131 est
516 1085 653 1147 quod
677 1085 888 1130 metuas?

551 1177 1243 1212 1³·ISTOCLERUS.

551 1247 683 1292 Nihil
714 1258 793 1293 est.
823 1263 955 1292 nunc
981 1263 1068 1311 ego
1085 1280 1099 1303 ‚
1123 1248 1296 1293 'mulier
1310 1282 1325 1305 ‚
1347 1249 1436 1295 tibi
1456 1265 1538 1297 me

1034 1334 1328 1382 emancupo:
1466 1326 1483 1338 ‘

260 1390 398 1445 Tuus
427 1408 563 1451 sum,
594 1393 683 1440 tibi
708 1393 833 1440 dedo
857 1410 1062 1456 operam.

661 1491 1117 1526 ‘BACCHIS.

547 1558 769 1621 Lepidus.
796 1575 926 1606 nunc
948 1576 1035 1624 ego
1058 1572 1107 1606 te
1130 1558 1279 1606 facere
1297 1559 1390 1606 hoc
1410 1562 1543 1606 volo,

266 1630 371 1695 Ego
405 1632 550 1678 sorori
580 1649 713 1678 meae
751 1649 949 1679 coenam
982 1633 1127 1679 hodie
1162 1633 1271 1678 dare
1301 1633 1414 1680 volo
1445 1633 1542 1679 via-

524 1705 665 1750 ticam
686 1725 695 1750 :

270 1775 373 1839 Ego
399 1776 487 1821 tibi
505 1787 752 1840 argentum
766 1777 917 1840 jubeo
933 1777 1034 1840 jam
1061 1777 1188 1823 intus
1206 1776 1355 1823 efferri
1369 1775 1508 1825 foras;

269 1847 353 1898 Tu
391 1848 530 1895 facito
564 1849 850 1896 obsonatum
879 1851 1018 1898 nobis
1047 1851 1105 1897 sit
1138 1852 1425 1913 opulentum
1458 1849 1547 1895 ob·-

528 1938 730 1968 sonlum.

566 2017 1260 2053 PISTOCLERUS.

275 2085 376 2150 Ego
407 2087 664 2134 obsonabo.
698 2105 811 2135 nam
831 2089 882 2135 id
902 2089 1135 2154 flagitium
1156 2089 1213 2134 sit
1232 2102 1396 2132 meum
1410 2119 1423 2142 ‚
1442 2101 1547 2130 mea

532 2170 582 2205 te
611 2161 780 2224 gratia,

276 2227 338 2274 Et
365 2246 555 2290 operam
584 2232 692 2278 dare
714 2234 862 2290 mihi,
888 2244 936 2278 et
963 2233 1023 2278 ad
1053 2249 1156 2278 eam
1178 2245 1376 2293 operam
1402 2227 1548 2273 facere

529 2317 743 2351 sumtum
778 2306 839 2351 de
867 2317 969 2352 tuo.

708 2397 737 2428 Β
773 2396 807 2429 Α
843 2397 869 2428 (3
905 2398 931 2428 (3
967 2396 1001 2427 Η
1034 2396 1055 2427 1
1092 2394 1128 2427 s.

272 2456 344 2507 At
369 2475 455 2524 ego
485 2462 600 2506 nolo
624 2462 730 2508 dare
754 2474 801 2507 te
829 2462 1112 2523 quidquam.
