<?xml version="1.0" encoding="UTF-8"?>
<!DOCTYPE html PUBLIC "-//W3C//DTD XHTML 1.0 Transitional//EN"
    "http://www.w3.org/TR/xhtml1/DTD/xhtml1-transitional.dtd">
<html xmlns="http://www.w3.org/1999/xhtml" xml:lang="en" lang="en">
 <head>
  <title>
</title>
<meta http-equiv="Content-Type" content="text/html;charset=utf-8" />
  <meta name='ocr-system' content='tesseract 3.04.00' />
  <meta name='ocr-capabilities' content='ocr_page ocr_carea ocr_par ocr_line ocrx_word'/>
</head>
<body>
  <div class='ocr_page' id='page_1' title='image "./comoediaesuperst01plauuoft_0009.png"; bbox 0 0 1630 2774; ppageno 0'>
   <div class='ocr_carea' id='block_1_1' title="bbox 1422 141 1493 178">
    <p class='ocr_par' dir='ltr' id='par_1_1' title="bbox 1422 141 1493 178">
     <span class='ocr_line' id='line_1_1' title="bbox 1422 141 1493 178; baseline 0.028 -2"><span class='ocrx_word' id='word_1_1' title='bbox 1422 141 1493 178; x_wconf 86' lang='lat'><em>111</em></span> 
     </span>
    </p>
   </div>
   <div class='ocr_carea' id='block_1_2' title="bbox 438 526 1260 607">
    <p class='ocr_par' dir='ltr' id='par_1_2' title="bbox 438 526 1260 607">
     <span class='ocr_line' id='line_1_2' title="bbox 438 526 1260 607; baseline 0.006 -6"><span class='ocrx_word' id='word_1_2' title='bbox 438 526 1260 607; x_wconf 89' lang='lat' dir='ltr'><strong>LECTORI.</strong></span> 
     </span>
    </p>
   </div>
   <div class='ocr_carea' id='block_1_3' title="bbox 208 774 1488 995">
    <p class='ocr_par' dir='ltr' id='par_1_3' title="bbox 208 774 1488 995">
     <span class='ocr_line' id='line_1_3' title="bbox 217 774 1488 907; baseline -0.002 -16"><span class='ocrx_word' id='word_1_3' title='bbox 217 774 341 894; x_wconf 83' lang='lat' dir='ltr'><em>Co</em></span> <span class='ocrx_word' id='word_1_4' title='bbox 355 853 401 889; x_wconf 79' lang='grc' dir='ltr'><strong>Μ</strong></span> <span class='ocrx_word' id='word_1_5' title='bbox 410 851 675 889; x_wconf 81' lang='lat' dir='ltr'><em>PLURES</em></span> <span class='ocrx_word' id='word_1_6' title='bbox 709 840 862 888; x_wconf 76' lang='lat' dir='ltr'><em>abhinc</em></span> <span class='ocrx_word' id='word_1_7' title='bbox 901 851 1005 886; x_wconf 87' lang='lat' dir='ltr'><em>sunt</em></span> <span class='ocrx_word' id='word_1_8' title='bbox 1043 843 1177 890; x_wconf 83' lang='lat' dir='ltr'><em>anni,</em></span> <span class='ocrx_word' id='word_1_9' title='bbox 1216 857 1272 888; x_wconf 82' lang='lat' dir='ltr'><em>ex</em></span> <span class='ocrx_word' id='word_1_10' title='bbox 1309 856 1388 907; x_wconf 82' lang='lat' dir='ltr'><em>quo</em></span> <span class='ocrx_word' id='word_1_11' title='bbox 1420 845 1488 891; x_wconf 79' lang='lat' dir='ltr'><em>di-</em></span> 
     </span>
     <span class='ocr_line' id='line_1_4' title="bbox 208 928 1486 995; baseline -0.002 -17"><span class='ocrx_word' id='word_1_12' title='bbox 208 932 383 980; x_wconf 80' lang='lat' dir='ltr'><em>vendita</em></span> <span class='ocrx_word' id='word_1_13' title='bbox 396 933 535 995; x_wconf 85' lang='lat' dir='ltr'><em>priori</em></span> <span class='ocrx_word' id='word_1_14' title='bbox 552 942 702 976; x_wconf 84' lang='lat' dir='ltr'><em>nostra</em></span> <span class='ocrx_word' id='word_1_15' title='bbox 730 928 1049 975; x_wconf 88' lang='lat' dir='ltr'><em>Comoediarum</em></span> <span class='ocrx_word' id='word_1_16' title='bbox 1068 929 1379 976; x_wconf 89' lang='lat' dir='ltr'><em>Plautinarum</em></span> <span class='ocrx_word' id='word_1_17' title='bbox 1400 932 1486 976; x_wconf 59' lang='lat' dir='ltr'><em>edi«</em></span> 
     </span>
    </p>
   </div>
   <div class='ocr_carea' id='block_1_4' title="bbox 198 1018 1486 2322">
    <p class='ocr_par' dir='ltr' id='par_1_4' title="bbox 198 1018 1486 2322">
     <span class='ocr_line' id='line_1_5' title="bbox 209 1018 1486 1079; baseline -0.002 -14"><span class='ocrx_word' id='word_1_18' title='bbox 209 1021 345 1068; x_wconf 77' lang='lat' dir='ltr'><em>tione,</em></span> <span class='ocrx_word' id='word_1_19' title='bbox 374 1018 423 1063; x_wconf 88' lang='lat' dir='ltr'><em>de</em></span> <span class='ocrx_word' id='word_1_20' title='bbox 449 1018 640 1065; x_wconf 88' lang='lat' dir='ltr'><em>curanda</em></span> <span class='ocrx_word' id='word_1_21' title='bbox 662 1035 768 1064; x_wconf 82' lang='lat' dir='ltr'><em>nova</em></span> <span class='ocrx_word' id='word_1_22' title='bbox 797 1018 1119 1079; x_wconf 81' lang='lat' dir='ltr'><em>cogitabamus.</em></span> <span class='ocrx_word' id='word_1_23' title='bbox 1150 1019 1382 1064; x_wconf 88' lang='lat' dir='ltr'><em>multorum</em></span> <span class='ocrx_word' id='word_1_24' title='bbox 1412 1019 1486 1064; x_wconf 77' lang='lat' dir='ltr'><em>de-</em></span> 
     </span>
     <span class='ocr_line' id='line_1_6' title="bbox 205 1106 1479 1171; baseline -0.002 -17"><span class='ocrx_word' id='word_1_25' title='bbox 205 1109 372 1154; x_wconf 80' lang='lat' dir='ltr'><em>sideriis</em></span> <span class='ocrx_word' id='word_1_26' title='bbox 398 1107 682 1171; x_wconf 69' lang='lat' dir='ltr'><em>satisfacturi.</em></span> <span class='ocrx_word' id='word_1_27' title='bbox 708 1106 855 1169; x_wconf 82' lang='lat' dir='ltr'><em>Neque</em></span> <span class='ocrx_word' id='word_1_28' title='bbox 879 1123 974 1153; x_wconf 81' lang='lat' dir='ltr'><em>vero</em></span> <span class='ocrx_word' id='word_1_29' title='bbox 1008 1107 1234 1152; x_wconf 87' lang='lat' dir='ltr'><em>admodum</em></span> <span class='ocrx_word' id='word_1_30' title='bbox 1263 1109 1308 1152; x_wconf 88' lang='lat' dir='ltr'><em>in</em></span> <span class='ocrx_word' id='word_1_31' title='bbox 1342 1124 1386 1152; x_wconf 89' lang='lat' dir='ltr'><em>eo</em></span> <span class='ocrx_word' id='word_1_32' title='bbox 1401 1106 1479 1170; x_wconf 79' lang='lat' dir='ltr'><em>fe-</em></span> 
     </span>
     <span class='ocr_line' id='line_1_7' title="bbox 205 1196 1480 1261; baseline -0.001 -19"><span class='ocrx_word' id='word_1_33' title='bbox 205 1197 453 1243; x_wconf 85' lang='lat' dir='ltr'><em>stinandum</em></span> <span class='ocrx_word' id='word_1_34' title='bbox 468 1197 584 1242; x_wconf 88' lang='lat' dir='ltr'><em>nobis</em></span> <span class='ocrx_word' id='word_1_35' title='bbox 592 1198 864 1261; x_wconf 76' lang='lat' dir='ltr'><em>putavimus,</em></span> <span class='ocrx_word' id='word_1_36' title='bbox 884 1196 1204 1259; x_wconf 77' lang='lat' dir='ltr'><em>reputantibus,</em></span> <span class='ocrx_word' id='word_1_37' title='bbox 1219 1213 1347 1259; x_wconf 83' lang='lat' dir='ltr'><em>quam</em></span> <span class='ocrx_word' id='word_1_38' title='bbox 1370 1197 1480 1241; x_wconf 86' lang='lat' dir='ltr'><em>mul-</em></span> 
     </span>
     <span class='ocr_line' id='line_1_8' title="bbox 209 1283 1480 1334; baseline 0 -4"><span class='ocrx_word' id='word_1_39' title='bbox 209 1297 259 1331; x_wconf 82' lang='lat' dir='ltr'><em>ta</em></span> <span class='ocrx_word' id='word_1_40' title='bbox 281 1287 393 1334; x_wconf 82' lang='lat' dir='ltr'><em>sint,</em></span> <span class='ocrx_word' id='word_1_41' title='bbox 420 1285 489 1332; x_wconf 81' lang='lat' dir='ltr'><em>vel</em></span> <span class='ocrx_word' id='word_1_42' title='bbox 513 1287 682 1330; x_wconf 83' lang='lat' dir='ltr'><em>incuria</em></span> <span class='ocrx_word' id='word_1_43' title='bbox 704 1283 937 1332; x_wconf 77' lang='lat' dir='ltr'><em>editorum,</em></span> <span class='ocrx_word' id='word_1_44' title='bbox 966 1284 1036 1330; x_wconf 80' lang='lat' dir='ltr'><em>vel</em></span> <span class='ocrx_word' id='word_1_45' title='bbox 1056 1286 1166 1329; x_wconf 86' lang='lat' dir='ltr'><em>artis</em></span> <span class='ocrx_word' id='word_1_46' title='bbox 1182 1286 1372 1330; x_wconf 86' lang='lat' dir='ltr'><em>scenicae</em></span> <span class='ocrx_word' id='word_1_47' title='bbox 1389 1302 1480 1330; x_wconf 83' lang='lat' dir='ltr'><em>me-</em></span> 
     </span>
     <span class='ocr_line' id='line_1_9' title="bbox 206 1371 1483 1437; baseline -0.001 -17"><span class='ocrx_word' id='word_1_48' title='bbox 206 1376 344 1436; x_wconf 79' lang='lat' dir='ltr'><em>trique</em></span> <span class='ocrx_word' id='word_1_49' title='bbox 370 1375 570 1422; x_wconf 75' lang='lat' dir='ltr'><em>inscitia,</em></span> <span class='ocrx_word' id='word_1_50' title='bbox 601 1375 645 1418; x_wconf 91' lang='lat' dir='ltr'><em>in</em></span> <span class='ocrx_word' id='word_1_51' title='bbox 670 1371 932 1418; x_wconf 76' lang='lat' dir='ltr'><em>comicorum</em></span> <span class='ocrx_word' id='word_1_52' title='bbox 950 1373 1145 1437; x_wconf 80' lang='lat' dir='ltr'><em>principe</em></span> <span class='ocrx_word' id='word_1_53' title='bbox 1171 1373 1349 1421; x_wconf 81' lang='lat' dir='ltr'><em>relicta,</em></span> <span class='ocrx_word' id='word_1_54' title='bbox 1374 1390 1483 1435; x_wconf 81' lang='lat' dir='ltr'><em>quae</em></span> 
     </span>
     <span class='ocr_line' id='line_1_10' title="bbox 203 1463 1479 1513; baseline 0.001 -5"><span class='ocrx_word' id='word_1_55' title='bbox 203 1475 478 1509; x_wconf 79' lang='lat' dir='ltr'><em>correctorem</em></span> <span class='ocrx_word' id='word_1_56' title='bbox 495 1463 737 1509; x_wconf 82' lang='lat' dir='ltr'><em>desiderent.</em></span> <span class='ocrx_word' id='word_1_57' title='bbox 758 1463 943 1508; x_wconf 87' lang='lat' dir='ltr'><em>Subinde</em></span> <span class='ocrx_word' id='word_1_58' title='bbox 960 1465 1022 1508; x_wconf 91' lang='lat' dir='ltr'><em>sic</em></span> <span class='ocrx_word' id='word_1_59' title='bbox 1040 1463 1156 1508; x_wconf 86' lang='lat' dir='ltr'><em>nobis</em></span> <span class='ocrx_word' id='word_1_60' title='bbox 1179 1465 1223 1508; x_wconf 92' lang='lat' dir='ltr'><em>in</em></span> <span class='ocrx_word' id='word_1_61' title='bbox 1240 1466 1350 1509; x_wconf 85' lang='lat' dir='ltr'><em>votis</em></span> <span class='ocrx_word' id='word_1_62' title='bbox 1367 1476 1479 1513; x_wconf 82' lang='lat' dir='ltr'><em>erat,</em></span> 
     </span>
     <span class='ocr_line' id='line_1_11' title="bbox 208 1548 1481 1600; baseline 0 -4"><span class='ocrx_word' id='word_1_63' title='bbox 208 1562 262 1596; x_wconf 87' lang='lat' dir='ltr'><em>ut</em></span> <span class='ocrx_word' id='word_1_64' title='bbox 291 1552 360 1597; x_wconf 81' lang='lat' dir='ltr'><em>vir</em></span> <span class='ocrx_word' id='word_1_65' title='bbox 381 1549 561 1594; x_wconf 87' lang='lat' dir='ltr'><em>illustris</em></span> <span class='ocrx_word' id='word_1_66' title='bbox 591 1549 711 1594; x_wconf 76' lang='lat' dir='ltr'><em>Rich.</em></span> <span class='ocrx_word' id='word_1_67' title='bbox 738 1548 892 1596; x_wconf 89' lang='lat' dir='ltr'><em>Franc.</em></span> <span class='ocrx_word' id='word_1_68' title='bbox 921 1549 1035 1595; x_wconf 82' lang='lat' dir='ltr'><em>Plzil.</em></span> <span class='ocrx_word' id='word_1_69' title='bbox 1065 1550 1151 1596; x_wconf 87' lang='lat' dir='ltr'><em>BR</em></span> <span class='ocrx_word' id='word_1_70' title='bbox 1165 1562 1202 1596; x_wconf 87' lang='lat' dir='ltr'><em>U</em></span> <span class='ocrx_word' id='word_1_71' title='bbox 1211 1561 1255 1598; x_wconf 86' lang='lat' dir='ltr'><em>N</em></span> <span class='ocrx_word' id='word_1_72' title='bbox 1268 1562 1349 1597; x_wconf 81' lang='lat' dir='ltr'><em>GK</em></span> <span class='ocrx_word' id='word_1_73' title='bbox 1360 1587 1377 1600; x_wconf 82' lang='lat'>,</span> <span class='ocrx_word' id='word_1_74' title='bbox 1409 1554 1481 1597; x_wconf 83' lang='lat' dir='ltr'><em>cui</em></span> 
     </span>
     <span class='ocr_line' id='line_1_12' title="bbox 205 1638 1478 1701; baseline 0.001 -17"><span class='ocrx_word' id='word_1_75' title='bbox 205 1655 356 1685; x_wconf 82' lang='lat' dir='ltr'><em>novam</em></span> <span class='ocrx_word' id='word_1_76' title='bbox 386 1653 554 1701; x_wconf 80' lang='lat' dir='ltr'><em>eamque</em></span> <span class='ocrx_word' id='word_1_77' title='bbox 578 1638 953 1684; x_wconf 85' lang='lat' dir='ltr'><em>luculentissimam</em></span> <span class='ocrx_word' id='word_1_78' title='bbox 983 1639 1174 1684; x_wconf 82' lang='lat' dir='ltr'><em>debemus</em></span> <span class='ocrx_word' id='word_1_79' title='bbox 1195 1641 1478 1685; x_wconf 89' lang='lat' dir='ltr'><em>recensionem</em></span> 
     </span>
     <span class='ocr_line' id='line_1_13' title="bbox 204 1724 1475 1789; baseline 0.002 -20"><span class='ocrx_word' id='word_1_80' title='bbox 204 1724 502 1788; x_wconf 82' lang='lat' dir='ltr'><em>Aristophanis</em></span> <span class='ocrx_word' id='word_1_81' title='bbox 534 1736 578 1769; x_wconf 90' lang='lat' dir='ltr'><em>et</em></span> <span class='ocrx_word' id='word_1_82' title='bbox 612 1724 859 1788; x_wconf 80' lang='lat' dir='ltr'><em>Sophoclis,</em></span> <span class='ocrx_word' id='word_1_83' title='bbox 891 1727 1042 1787; x_wconf 82' lang='lat' dir='ltr'><em>quique</em></span> <span class='ocrx_word' id='word_1_84' title='bbox 1079 1741 1212 1789; x_wconf 83' lang='lat' dir='ltr'><em>nuper</em></span> <span class='ocrx_word' id='word_1_85' title='bbox 1245 1725 1295 1770; x_wconf 87' lang='lat' dir='ltr'><em>de</em></span> <span class='ocrx_word' id='word_1_86' title='bbox 1330 1725 1475 1788; x_wconf 75' lang='lat' dir='ltr'><em>Virgi-</em></span> 
     </span>
     <span class='ocr_line' id='line_1_14' title="bbox 203 1812 1475 1877; baseline 0.003 -19"><span class='ocrx_word' id='word_1_87' title='bbox 203 1812 261 1858; x_wconf 87' lang='lat' dir='ltr'><em>lio</em></span> <span class='ocrx_word' id='word_1_88' title='bbox 291 1815 443 1877; x_wconf 84' lang='lat' dir='ltr'><em>optime</em></span> <span class='ocrx_word' id='word_1_89' title='bbox 473 1816 650 1861; x_wconf 88' lang='lat' dir='ltr'><em>meritus</em></span> <span class='ocrx_word' id='word_1_90' title='bbox 678 1827 768 1863; x_wconf 80' lang='lat' dir='ltr'><em>est,</em></span> <span class='ocrx_word' id='word_1_91' title='bbox 805 1817 934 1860; x_wconf 91' lang='lat' dir='ltr'><em>etiam</em></span> <span class='ocrx_word' id='word_1_92' title='bbox 962 1815 1122 1860; x_wconf 87' lang='lat' dir='ltr'><em>Plauto</em></span> <span class='ocrx_word' id='word_1_93' title='bbox 1154 1833 1305 1862; x_wconf 78' lang='lat' dir='ltr'><em>novam</em></span> <span class='ocrx_word' id='word_1_94' title='bbox 1340 1817 1475 1862; x_wconf 89' lang='lat' dir='ltr'><em>lucem</em></span> 
     </span>
     <span class='ocr_line' id='line_1_15' title="bbox 200 1901 1469 1965; baseline 0.004 -20"><span class='ocrx_word' id='word_1_95' title='bbox 200 1901 455 1947; x_wconf 88' lang='lat' dir='ltr'><em>accenderet.</em></span> <span class='ocrx_word' id='word_1_96' title='bbox 485 1902 624 1965; x_wconf 81' lang='lat' dir='ltr'><em>Atque</em></span> <span class='ocrx_word' id='word_1_97' title='bbox 642 1903 760 1948; x_wconf 82' lang='lat' dir='ltr'><em>haud</em></span> <span class='ocrx_word' id='word_1_98' title='bbox 781 1906 955 1949; x_wconf 83' lang='lat' dir='ltr'><em>irritum</em></span> <span class='ocrx_word' id='word_1_99' title='bbox 973 1906 1076 1951; x_wconf 83' lang='lat' dir='ltr'><em>sivit</em></span> <span class='ocrx_word' id='word_1_100' title='bbox 1090 1917 1236 1951; x_wconf 85' lang='lat' dir='ltr'><em>votum</em></span> <span class='ocrx_word' id='word_1_101' title='bbox 1256 1917 1469 1955; x_wconf 75' lang='lat' dir='ltr'><em>nostrum,</em></span> 
     </span>
     <span class='ocr_line' id='line_1_16' title="bbox 199 1990 1470 2056; baseline 0.007 -25"><span class='ocrx_word' id='word_1_102' title='bbox 199 2004 307 2050; x_wconf 82' lang='lat' dir='ltr'><em>quae</em></span> <span class='ocrx_word' id='word_1_103' title='bbox 337 1999 399 2032; x_wconf 85' lang='lat' dir='ltr'><em>est</em></span> <span class='ocrx_word' id='word_1_104' title='bbox 433 1990 690 2036; x_wconf 84' lang='lat' dir='ltr'><em>incredibilis</em></span> <span class='ocrx_word' id='word_1_105' title='bbox 721 1994 805 2039; x_wconf 79' lang='lat' dir='ltr'><em>viri</em></span> <span class='ocrx_word' id='word_1_106' title='bbox 835 1994 990 2037; x_wconf 90' lang='lat' dir='ltr'><em>summi</em></span> <span class='ocrx_word' id='word_1_107' title='bbox 1024 1995 1069 2038; x_wconf 91' lang='lat' dir='ltr'><em>in</em></span> <span class='ocrx_word' id='word_1_108' title='bbox 1102 1996 1285 2056; x_wconf 85' lang='lat' dir='ltr'><em>optimas</em></span> <span class='ocrx_word' id='word_1_109' title='bbox 1319 1995 1470 2040; x_wconf 83' lang='lat' dir='ltr'><em>literas</em></span> 
     </span>
     <span class='ocr_line' id='line_1_17' title="bbox 198 2078 1474 2144; baseline 0.008 -22"><span class='ocrx_word' id='word_1_110' title='bbox 198 2078 425 2129; x_wconf 80' lang='lat' dir='ltr'><em>voluntas,</em></span> <span class='ocrx_word' id='word_1_111' title='bbox 463 2090 506 2124; x_wconf 85' lang='lat' dir='ltr'><em>et</em></span> <span class='ocrx_word' id='word_1_112' title='bbox 532 2082 690 2126; x_wconf 88' lang='lat' dir='ltr'><em>eximia</em></span> <span class='ocrx_word' id='word_1_113' title='bbox 722 2099 827 2144; x_wconf 86' lang='lat' dir='ltr'><em>erga</em></span> <span class='ocrx_word' id='word_1_114' title='bbox 866 2100 940 2130; x_wconf 90' lang='lat' dir='ltr'><em>nos</em></span> <span class='ocrx_word' id='word_1_115' title='bbox 971 2084 1265 2130; x_wconf 81' lang='lat' dir='ltr'><em>benevolentia.</em></span> <span class='ocrx_word' id='word_1_116' title='bbox 1307 2084 1353 2130; x_wconf 91' lang='lat' dir='ltr'><em>T</em></span> <span class='ocrx_word' id='word_1_117' title='bbox 1348 2103 1474 2131; x_wconf 83' lang='lat' dir='ltr'><em>rans-</em></span> 
     </span>
     <span class='ocr_line' id='line_1_18' title="bbox 198 2169 1472 2219; baseline 0.005 -7"><span class='ocrx_word' id='word_1_118' title='bbox 198 2169 319 2213; x_wconf 84' lang='lat' dir='ltr'><em>misit</em></span> <span class='ocrx_word' id='word_1_119' title='bbox 351 2170 461 2213; x_wconf 90' lang='lat' dir='ltr'><em>enim</em></span> <span class='ocrx_word' id='word_1_120' title='bbox 494 2170 611 2215; x_wconf 85' lang='lat' dir='ltr'><em>nobis</em></span> <span class='ocrx_word' id='word_1_121' title='bbox 647 2182 746 2217; x_wconf 83' lang='lat' dir='ltr'><em>ante</em></span> <span class='ocrx_word' id='word_1_122' title='bbox 787 2171 898 2217; x_wconf 82' lang='lat' dir='ltr'><em>lmnc</em></span> <span class='ocrx_word' id='word_1_123' title='bbox 935 2188 1093 2218; x_wconf 89' lang='lat' dir='ltr'><em>annum</em></span> <span class='ocrx_word' id='word_1_124' title='bbox 1125 2172 1334 2217; x_wconf 89' lang='lat' dir='ltr'><em>Plautum</em></span> <span class='ocrx_word' id='word_1_125' title='bbox 1366 2190 1392 2218; x_wconf 90' lang='lat' dir='ltr'><em>a</em></span> <span class='ocrx_word' id='word_1_126' title='bbox 1426 2191 1472 2219; x_wconf 87' lang='lat' dir='ltr'><em>se</em></span> 
     </span>
     <span class='ocr_line' id='line_1_19' title="bbox 201 2257 1469 2322; baseline 0.004 -21"><span class='ocrx_word' id='word_1_127' title='bbox 201 2257 498 2307; x_wconf 78' lang='lat' dir='ltr'><em>emendatum.</em></span> <span class='ocrx_word' id='word_1_128' title='bbox 526 2259 602 2304; x_wconf 78' lang='lat' dir='ltr'><em>hoc</em></span> <span class='ocrx_word' id='word_1_129' title='bbox 639 2272 733 2309; x_wconf 80' lang='lat' dir='ltr'><em>est,</em></span> <span class='ocrx_word' id='word_1_130' title='bbox 767 2262 812 2306; x_wconf 89' lang='lat' dir='ltr'><em>in</em></span> <span class='ocrx_word' id='word_1_131' title='bbox 843 2263 1067 2307; x_wconf 82' lang='lat' dir='ltr'><em>veritatem</em></span> <span class='ocrx_word' id='word_1_132' title='bbox 1094 2262 1314 2322; x_wconf 83' lang='lat' dir='ltr'><em>antiquam</em></span> <span class='ocrx_word' id='word_1_133' title='bbox 1342 2263 1469 2306; x_wconf 87' lang='lat' dir='ltr'><em>resti-</em></span> 
     </span>
    </p>
   </div>
   <div class='ocr_carea' id='block_1_5' title="bbox 202 2345 1470 2474">
    <p class='ocr_par' dir='ltr' id='par_1_5' title="bbox 202 2345 1470 2474">
     <span class='ocr_line' id='line_1_20' title="bbox 202 2345 1470 2414; baseline 0.007 -27"><span class='ocrx_word' id='word_1_134' title='bbox 202 2353 343 2387; x_wconf 78' lang='lat' dir='ltr'><em>tutum</em></span> <span class='ocrx_word' id='word_1_135' title='bbox 361 2362 375 2388; x_wconf 86' lang='grc'><em>.·</em></span> <span class='ocrx_word' id='word_1_136' title='bbox 404 2361 526 2407; x_wconf 81' lang='lat' dir='ltr'><em>quem</em></span> <span class='ocrx_word' id='word_1_137' title='bbox 560 2349 667 2414; x_wconf 78' lang='lat' dir='ltr'><em>typis</em></span> <span class='ocrx_word' id='word_1_138' title='bbox 695 2345 960 2410; x_wconf 84' lang='lat' dir='ltr'><em>Jacobeanis</em></span> <span class='ocrx_word' id='word_1_139' title='bbox 990 2347 1316 2410; x_wconf 80' lang='lat' dir='ltr'><em>elegantissimis</em></span> <span class='ocrx_word' id='word_1_140' title='bbox 1342 2367 1470 2411; x_wconf 79' lang='lat' dir='ltr'><em>quam</em></span> 
     </span>
     <span class='ocr_line' id='line_1_21' title="bbox 271 2420 1203 2474; baseline 0.004 -6"><span class='ocrx_word' id='word_1_141' title='bbox 271 2420 357 2469; x_wconf 84' lang='lat' dir='ltr'><em>Vol.</em></span> <span class='ocrx_word' id='word_1_142' title='bbox 389 2424 428 2470; x_wconf 92' lang='grc' dir='ltr'><em>Ι.</em></span> <span class='ocrx_word' id='word_1_143' title='bbox 1115 2441 1144 2470; x_wconf 86' lang='lat' dir='ltr'><em>a</em></span> <span class='ocrx_word' id='word_1_144' title='bbox 1178 2439 1203 2474; x_wconf 80' lang='lat'><em>2</em></span> 
     </span>
    </p>
   </div>
  </div>
 </body>
</html>
