1650 2826
149 203 242 250 ναξ
404 180 688 232 ACTUS
742 181 868 230 111.
924 179 1165 228 SC.11.
1332 185 1417 247 163

154 293 256 363 Qui
296 289 544 337 advorsum
581 287 822 352 stimulos,
863 286 1056 334 laminas
1076 323 1090 345 ‚
1128 304 1417 351 crucesque,

401 359 757 421 conpedesque‚

151 435 330 482 Nervos
345 467 361 491 ‚
391 442 571 478 catenas
587 465 601 488 ,
639 446 834 476 carceres
848 464 862 488 ,
900 432 1130 477 numellas
1149 466 1177 506 ‚-
1197 433 1381 494 pedicas
1397 469 1415 494 ,

396 504 527 551 boias
547 537 562 560 ‚

148 579 524 638 Inductoresque
543 592 825 632 acerrnmoe,
844 592 1107 640 gnarosque
1123 576 1268 624 nostri
1286 581 1419 645 tergi,

135 650 249 720 ἱῼιιὶ
269 666 402 711 saepe
434 659 542 694 ante
570 648 619 692 in
650 659 825 693 nostras
854 645 1058 709 scapulas
1090 649 1319 698 cicatrices
1344 653 1420 699 in-

402 718 655 764 dider'unt:

145 792 247 845 Eae?
265 808 395 838 nunc
414 792 621 854 legiones
634 825 646 847 ,
663 792 825 851 copiae
842 825 855 847 ‚
883 793 1208 854 exercitusque
1226 811 1392 842 eorum
1404 829 1419 853 ,

143 864 207 912 Vi
223 900 237 924 ,
263 863 525 929 pugnando
548 897 562 919 ‚
592 859 802 926 perjuriis
830 860 995 909 nostris
1011 900 1023 921 ,
1050 882 1195 929 euge,
1217 868 1386 927 potitia-

143 938 203 984 Id
232 938 407 984 virtute
439 936 579 999 hujus
613 935 834 999 conlegae
851 970 864 993 ,
893 953 1097 998 meaque
1130 940 1353 986 comitate

141 1011 340 1058 Factum
368 1012 434 1057 ’st.
1363 1006 1380 1019 ’

562 1102 1001 1136 L'IBANUS.

286 1177 387 1245 Qui
403 1194 481 1223 me
496 1178 568 1223 vir
589 1177 753 1224 fortior
772 1190 838 1224 est
859 1178 918 1224 ad
938 1178 1215 1227 sufferendas
1231 1184 1418 1249 plagas?

558 1271 588 1304 L
625 1272 654 1303 E
692 1273 723 1305 O
760 1273 792 1305 N
829 1274 848 1305 1
885 1275 919 1306 D
956 1274 1002 1306 A.

146 1329 334 1394 Edepol
351 1335 544 1398 virtutes
569 1337 654 1396 qui
671 1349 771 1382 tuas
788 1354 918 1383 nunc
938 1339 1078 1398 possis
1107 1346 1388 1397 conlaudare
1401 1388 1414 1409 ‚

147 1404 277 1450 Sicut
311 1422 396 1469 ego
430 1409 603 1467 possim
622 1442 636 1465 ,
672 1425 793 1468 quae
837 1410 970 1455 domi
1013 1412 1257 1476 duellique
1293 1426 1416 1470 male

402 1479 558 1525 fecisti.
1131 1493 1136 1495 ’

149 1549 249 1595 Nae
283 1549 360 1595 illa
394 1551 564 1612 edepol
583 1570 670 1613 pro
695 1555 864 1600 merito
891 1571 1021 1602 nunc
1049 1569 1135 1605 tuo
1168 1570 1416 1615 memorari

399 1625 551 1669 multa
578 1637 799 1685 possunt:

149 1692 245 1738 Ubi
292 1693 519 1742 fidentem
571 1696 847 1744 fraudaveris
865 1734 879 1756 ‚
930 1700 1016 1748 ubi
1060 1706 1175 1753 hero
1218 1711 1418 1760 infidelis
1471 1742 1477 1744 ξ

398 1767 536 1813 fueris
555 1803 568 1826 ‚

152 1834 246 1880 Ubi
274 1838 424 1882 verbis
446 1842 681 1901 conceptis
710 1839 853 1889 sciens
885 1844 1086 1893 libenter
1112 1854 1353 1914 perimaris
1369 1893 1384 1915 ‚

150 1906 244 1952 Ubi
262 1909 453 1968 parietes
467 1913 737 1972 perfoderis,
755 1917 804 1961 in
819 1916 946 1962 furto
965 1920 1049 1964 ubi
1065 1921 1119 1966 sis
1136 1924 1388 1983 prehensus
1400 1964 1416 1987 ‚

150 1979 239 2025 Ubi
263 1998 396 2043 saepe
421 2000 621 2031 caussam
650 1987 815 2033 dixeris
838 1992 1048 2050 pendens
1069 1995 1287 2043 advorsus
1307 2013 1416 2048 octo

149 2052 367 2111 Astutos,
398 2057 580 2104 audacis
607 2059 753 2117 viros,
780 2064 973 2127 valentis
995 2066 1255 2129 virgatores.

567 2153 998 2194 LIBANUS.

148 2217 315 2265 Fateor
332 2220 545 2281 profecto
559 2257 573 2279 ,
591 2234 646 2268 ut
664 2222 918 2285 praedicas,
937 2216 1147 2277 Leonida
1158 2267 1171 2289 ,
1189 2249 1281 2280 esse
1295 2254 1415 2284 vera.

149 2287 329 2338 Verum
354 2294 525 2355 edepol
549 2312 636 2342 nae
664 2299 805 2345 etiam
834 2310 917 2347 tua
949 2319 1147 2364 quoque
1176 2309 1417 2357 malefacta

404 2366 555 2413 iterari
593 2371 744 2417 multa

154 2430 215 2479 Et
241 2452 352 2484 vero
364 2453 585 2499 possunt.
623 2442 708 2488 ubi
730 2445 885 2501 sciens
901 2447 1028 2495 fideli
1057 2450 1229 2496 infidus
1250 2451 1411 2500 fueris:

1077 2523 1117 2568 L
1150 2539 1174 2571 2
