1650 2826
257 173 350 233 360
586 169 1215 220 BACCHIDES.
1409 189 1534 236 v.13

255 281 401 343 EpIus
421 291 488 326 est
513 279 787 325 Pistoclerus
808 298 818 324 ε
837 279 895 325 ab
915 296 971 325 eo
995 281 1108 326 haec
1128 292 1294 327 sumta.
1314 277 1538 328 Mnesilo-

506 354 620 399 chus
650 351 799 398 Sinon
829 363 896 398 est

252 425 474 474 Relictus.
526 426 702 471 ellum!
740 441 841 470 non
877 425 927 470 in
957 425 1100 472 busto
1137 425 1342 484 Achilli,
1375 427 1457 473 sed
1490 428 1539 473 in

510 498 635 542 lecto
668 495 889 541 accubat:

255 568 539 615 Bacchidem
561 567 706 612 habet
732 583 906 613 secum.
925 567 1003 613 ille
1024 567 1140 614 olim
1160 567 1329 615 habuit
1348 570 1507 634 ignem
1525 605 1540 627 ‚

514 639 600 700 qui
622 640 812 703 signum
849 639 1007 710 daret:

257 714 387 761 Haec
406 714 562 776 ipsum
587 713 754 772 exurit.
786 730 873 778 ego
891 730 997 759 sum
1015 714 1195 777 Ulysses
1208 749 1222 772 ,
1238 717 1410 780 quojus
1429 733 1541 763 con-

508 786 608 831 silio
638 787 754 832 haec
782 797 1023 851 geruntur.

258 869 390 917 Turn
416 885 539 930 quae
566 869 643 915 hic
668 878 778 913 sunt
805 866 999 913 scribtae
1025 867 1207 926 literae,
1230 869 1322 916 hoc
1343 870 1394 915 in
1412 887 1541 932 equo

509 941 671 986 insunt
700 939 870 985 milites

257 1015 440 1064 Armati
469 1027 617 1076 atque
654 1013 851 1059 animati
888 1013 1053 1074 probe.
1098 1014 1164 1060 ita
1195 1031 1264 1060 res
1295 1017 1537 1074 successit,

509 1091 776 1150 meliusque
811 1088 981 1135 adhuc.
1106 1098 1111 1100 ’

259 1162 421 1224 Atque
445 1163 522 1208 hic
546 1179 698 1223 equus
722 1177 822 1206 non
851 1161 901 1206 in
931 1178 1109 1220 arcem,
1127 1180 1296 1210 verum
1316 1165 1367 1211 in
1389 1182 1540 1240 arcam

510 1235 646 1281 faciet
672 1234 908 1295 inpetum.

260 1308 543 1366 Excidium,
564 1307 796 1364 exitium,
815 1308 1055 1355 exlecebra
1073 1309 1154 1356 fiet
1172 1309 1249 1356 hic
1277 1326 1429 1372 equus
1458 1313 1544 1359 ho·-

512 1343 588 1427 die
614 1397 728 1427 auro
755 1381 889 1426 senis.

257 1456 430 1503 Nostro
456 1456 556 1502 seni
585 1455 697 1501 huic
730 1454 902 1501 stolido
919 1488 932 1512 ‚
962 1455 1004 1500 ei
1027 1454 1243 1518 profecto
1262 1474 1444 1506 nomen
1474 1460 1539 1507 fa-

513 1528 585 1574 cio
623 1544 710 1591 ego
741 1527 843 1572 Ilio.

258 1610 394 1658 Miles
425 1610 647 1656 Menelau
663 1611 743 1656 ’stz
772 1625 860 1679 ego
878 1609 1212 1674 Agamemnon
1228 1646 1241 1669 ‚
1259 1611 1542 1677 idem‘Ulys-

513 1701 579 1728 ses
603 1683 838 1739 Laertius,

259 1755 578 1802 Mnesilochus
605 1767 672 1801 est
690 1755 981 1813 Alexander,
1011 1757 1098 1817 qui
1130 1757 1216 1803 erit
1246 1758 1448 1806 exitium
1474 1761 1564 1828 {clf

508 1839 682 1889 patriae
718 1844 856 1873 suae:

256 1910 300 1956 Is
342 1911 577 1957 Helenam
617 1909 818 1956 abduxit
836 1944 849 1965 ‚
882 1911 1030 1974 quoja
1061 1927 1215 1958 caussa
1250 1920 1382 1960 nunc
1420 1913 1537 1960 facio

513 1981 753 2028 obsidium
780 1981 881 2027 Ilio.

261 2056 386 2102 Nam
420 2056 515 2102 illic
544 2055 702 2101 eidem
731 2055 892 2101 audivi
924 2055 1161 2118 Ulyssem,
1194 2067 1250 2102 ut
1282 2073 1370 2120 ego
1401 2073 1505 2102 sum
1523 2093 1537 2115 ‚

512 2127 649 2173 fuisse
684 2139 731 2173 et
764 2117 992 2173 audacem
1025 2139 1071 2174 et
1104 2130 1299 2175 malum.

259 2205 394 2252 Dolis
424 2224 511 2271 ego
543 2208 797 2269 deprensus
827 2225 964 2254 sum:
996 2209 1075 2254 ille
1094 2208 1362 2254 mendicans
1386 2224 1537 2269 paene

511 2279 731 2324 inventus
757 2280 959 2336 interiit,
1573 2332 1577 2337 ³

262 2348 398 2396 Dum
426 2351 512 2396 sibi
536 2353 742 2411 exquirit
775 2352 868 2398 fata
896 2353 1107 2399 Iliorum.
1136 2351 1389 2397 assimiliter
1419 2353 1536 2399 mihi

510 2422 654 2467 hodie
691 2423 873 2486 obtigit.
