1650 2826
110 192 206 243 v.8
382 183 670 236 ACTUS
717 184 845 231 111.
897 182 1006 231 Sc.
1052 185 1156 233 IV.
1285 204 1372 248 237

514 300 958 338 CONGRIO.

114 363 229 426 Heu
251 391 418 433 senex,
444 382 533 437 pro
561 372 864 436 vapulando,
891 373 1077 431 hercle,
1101 389 1190 438 ego
1221 375 1301 421 abs
1330 387 1379 422 te

333 445 628 495 mercedem
652 457 826 507 petam.

115 524 321 572 Coctum
341 537 461 585 ego,
482 536 583 567 non
605 521 884 582 vapulaturn
907 518 1097 566 dudum
1115 519 1382 567 conductus

190 603 197 607 ’
359 592 443 639 fui„

559 678 591 711 E
626 677 663 710 U
697 678 725 711 c
760 677 791 710 L
826 677 847 709 1
883 677 930 710 o.

115 761 243 826 Lege
269 761 394 826 agito
422 776 645 817 mecum,
678 758 902 804 molestus
931 772 992 802 ne
1018 755 1101 801 sis:
1129 757 1172 813 i,
1200 766 1248 802 et
1278 771 1385 802 coe·-

374 850 489 880 nam
516 850 699 894 coque,

118 906 218 955 Aut
232 908 310 956 abi
325 909 384 985 in·
395 910 578 956 malum
596 907 856 954 cruciatum
879 905 939 951 ab
961 904 1166 951 aedibus.

534 1010 562 1042 c
597 1009 630 1042 o
664 1008 698 1041 Ν
734 1005 768 1039 G
801 1006 836 1039 R
869 1005 890 1038 1
925 1004 975 1038 ο.

1018 1076 1114 1124 Abi
1139 1088 1195 1125 tu
1222 1078 1385 1126 modo.

480 1211 843 1260 SCENA
916 1212 1029 1260 IV.

574 1355 946 1390 EUCLIO.

129 1426 300 1538 ILLIC
332 1490 443 1536 hinc
466 1489 593 1535 abiit.
619 1487 700 1534 Dii
721 1489 1014 1548 inmottales,
1046 1489 1222 1536 facinus
1243 1490 1396 1536 audax

386 1561 551 1621 incipit
565 1595 580 1617 ‚
636 1599 662 1624 ⁶

134 1634 237 1701 Qui
265 1650 377 1678 cum
408 1633 639 1693 opulento
672 1649 851 1695 pauper
884 1635 1079 1680 homine
1114 1635 1270 1695 coepit
1296 1651 1399 1680 rem

389 1703 561 1748 habere
577 1738 589 1760 ‚
614 1717 696 1750 aut
721 1707 989 1770 negotium!

137 1778 302 1824 Veluti
327 1776 605 1840 Megadorus
639 1788 789 1824 tentat
821 1795 901 1824 me
929 1778 1150 1824 omnibus
1177 1779 1400 1824 miserum

9 1908 10 1912 Ἰ
386 1850 539 1895 modis
560 1869 570 1894 :
912 1898 917 1906 ‚

0 1920 35 1986 3
136 1922 241 1992 Qui
269 1921 527 1978 simulavit,
556 1922 652 1968 mei
684 1923 873 1969 honoris
901 1923 1087 1969 mittere
1116 1924 1211 1968 huc
1246 1939 1398 1969 caussa

0 1987 27 2070 ἐ
389 2009 566 2053 coquos
581 2027 596 2050 ‚

0 2072 2 2074 ’
138 2067 183 2113 Is
214 2083 267 2111 ea
297 2082 448 2112 caussa
476 2066 629 2122 misit,
658 2066 749 2111 hoc
791 2066 877 2126 qui
914 2067 1195 2127 surriperent
1233 2067 1401 2113 misero

388 2137 518 2182 mihi.

141 2208 389 2272 Condigne
410 2208 549 2254 etiam
562 2225 695 2254 meus
711 2225 790 2254 rne
809 2209 934 2254 intus
951 2211 1094 2274 gallus
1111 2211 1402 2275 gallinaceuS,

143 2283 246 2352 Qui
274 2294 368 2328 erat
389 2283 500 2328 anui
528 2283 767 2344 peculiaris
780 2317 793 2338 ‚
811 2282 1015 2343 perdidit
1035 2284 1338 2344 paenissume.

147 2355 243 2404 Ubi
265 2370 359 2406 erat
384 2359 497 2403 haec
522 2356 723 2416 defossa,
747 2357 928 2420 occepit
952 2356 1020 2403 ibi
1040 2358 1283 2419 scalpurire
1311 2373 1405 2402 un·-
