1650 2826
243 222 338 267 524
685 207 799 258 GA
833 207 863 254 s
898 209 922 254 1
954 174 1085 254 NA
1281 188 1285 189 ⁷
1379 226 1429 258 v.
1459 229 1522 272 45

242 316 417 376 Neque
443 314 528 360 viri
557 315 703 361 vitam
731 315 850 360 sinet
882 315 932 360 in
959 306 1212 362 crastinum
1235 316 1441 376 protolli.
1464 317 1515 364 id

499 389 594 440 huc
621 388 754 433 missa
780 402 887 433 sum

243 459 357 508 Tibi
376 471 432 507 ut
451 461 654 508 dicerem
667 497 681 518 ,
706 462 766 507 ab
788 478 840 507 ea
863 472 918 507 ut
937 477 1093 508 caveas
1115 460 1216 507 tibi.

672 558 696 591 s
732 559 762 591 Τ
798 558 834 590 Α
867 559 898 591 L
932 559 953 591 1
989 560 1022 592 N
1056 559 1103 592 o.

1030 625 1150 670 Perii
1172 625 1327 670 hercle
1353 625 1487 670 miser
1506 625 1522 669 f

241 699 414 761 Neque
438 709 504 744 est
520 733 533 755 ‚
557 714 619 744 ne
629 714 724 759 que
745 697 837 744 fuit
854 713 932 743 me
958 713 1101 744 senex
1123 697 1377 758 quisquam
1394 714 1520 742 ama-

493 784 569 818 tor
601 772 813 832 adaeque
840 771 990 817 miser.

567 866 1212 904 PARDAssLIScA.

243 937 385 998 Ludo
424 955 511 1002 ego
548 938 679 984 hunc
712 937 871 983 facete.
917 952 1030 982 nam
1063 952 1184 997 quae
1217 935 1336 982 facta
1375 935 1506 994 dixi,

494 1011 653 1056 omnia
680 1010 791 1056 huic
1387 1023 1409 1056 ο

243 1082 370 1128 Falsa
395 1083 504 1128 dixi.
535 1085 669 1140 hera,
692 1095 838 1143 atque
866 1085 980 1131 haec
1001 1084 1170 1132 dolum
1198 1101 1257 1132 ex
1277 1100 1522 1147 proxumo

492 1156 623 1202 hunc
643 1158 960 1218 protulerunt.

240 1226 342 1291 Ego
372 1220 627 1276 huc‘missa
655 1246 761 1275 sum
790 1228 969 1274 ludere.

656 1330 678 1364 s
718 1330 748 1362 Τ
785 1329 818 1362 A
854 1329 883 1361 L
922 1329 942 1360 Ι
980 1329 1013 1361 Ν
1049 1328 1096 1361 ο.

526 1457 535 1466 .
760 1397 891 1443 Heus
913 1394 1190 1443 Pardalisca!

559 1489 589 1522 P
625 1489 660 1523 A
696 1491 730 1524 R
764 1491 800 1523 D
836 1490 870 1522 A
906 1489 936 1522 L
972 1491 993 1522 1
1031 1489 1053 1522 s
1091 1489 1118 1520 c
1153 1487 1202 1520 A.

791 1546 794 1547 ⁷
1073 1552 1210 1622 Quid
1233 1553 1331 1599 est?

662 1650 1202 1695 STAL1N0.*

1278 1701 1376 1747 Est.

559 1790 589 1823 1²
625 1790 660 1823 A
695 1792 729 1824 R
765 1791 800 1823 D
839 1789 873 1822 A
907 1789 937 1821 L
973 1789 994 1821 1
1032 1788 1054 1822 s
1092 1788 1118 1820 c
1154 1787 1204 1821 A.

1297 1903 1308 1917 .
1349 1837 1521 1908 Quid?

654 1930 677 1963 s
715 1931 745 1962 Τ
782 1931 816 1963 A
852 1929 881 1961 L
918 1929 938 1961 1
976 1929 1008 1961 N
1049 1927 1096 1959 o.

241 1999 322 2046 Est
349 1998 485 2061 quod
504 2001 616 2046 volo
642 2000 888 2061 exquirere
912 2015 937 2044 a
959 2008 1022 2044 te.

559 2094 587 2126 P
624 2094 659 2127 A
693 2095 727 2127 R
761 2096 796 2127 D
833 2094 867 2127 A
902 2095 932 2127 L
966 2094 987 2126 1
1025 2092 1046 2126 s
1083 2093 1110 2125 c
1147 2092 1195 2126 A.

827 2162 1015 2215 Moram
1036 2160 1170 2207 offers
1188 2160 1320 2206 mihi.

666 2256 687 2290 s
725 2258 756 2290 Τ
790 2259 825 2291 A
859 2257 889 2290 L
927 2259 946 2291 1
983 2257 1015 2289 N
1054 2256 1101 2288 ο.

1243 2301 1515 2349 Attumihi

242 2379 390 2427 Offers
412 2397 685 2428 maerorem.
715 2383 797 2429 sed
817 2382 1020 2429 etiamne
1042 2380 1185 2428 habet
1208 2386 1254 2422 et
1278 2390 1407 2420 nunc
1427 2373 1520 2420 Ca-

497 2469 594 2499 sana
