<?xml version="1.0" encoding="UTF-8"?>
<!DOCTYPE html PUBLIC "-//W3C//DTD XHTML 1.0 Transitional//EN"
    "http://www.w3.org/TR/xhtml1/DTD/xhtml1-transitional.dtd">
<html xmlns="http://www.w3.org/1999/xhtml" xml:lang="en" lang="en">
 <head>
  <title>
</title>
<meta http-equiv="Content-Type" content="text/html;charset=utf-8" />
  <meta name='ocr-system' content='tesseract 3.04.00' />
  <meta name='ocr-capabilities' content='ocr_page ocr_carea ocr_par ocr_line ocrx_word'/>
</head>
<body>
  <div class='ocr_page' id='page_1' title='image "./comoediaesuperst01plauuoft_0088.png"; bbox 0 0 1650 2826; ppageno 0'>
   <div class='ocr_carea' id='block_1_1' title="bbox 266 169 1507 237">
    <p class='ocr_par' dir='ltr' id='par_1_1' title="bbox 266 169 1507 237">
     <span class='ocr_line' id='line_1_1' title="bbox 266 169 1507 237; baseline 0.002 -18"><span class='ocrx_word' id='word_1_1' title='bbox 266 191 332 237; x_wconf 74' lang='lat'>34</span> <span class='ocrx_word' id='word_1_2' title='bbox 584 169 1237 219; x_wconf 74' lang='lat' dir='ltr'>AMPHITRuo.</span> <span class='ocrx_word' id='word_1_3' title='bbox 1347 173 1507 222; x_wconf 63' lang='lat' dir='ltr'>meo</span> 
     </span>
    </p>
   </div>
   <div class='ocr_carea' id='block_1_2' title="bbox 608 289 1186 327">
    <p class='ocr_par' dir='ltr' id='par_1_2' title="bbox 608 289 1186 327">
     <span class='ocr_line' id='line_1_2' title="bbox 608 289 1186 327; baseline -0.01 0"><span class='ocrx_word' id='word_1_4' title='bbox 608 289 1186 327; x_wconf 84' lang='lat' dir='ltr'>MERCURIUS.</span> 
     </span>
    </p>
   </div>
   <div class='ocr_carea' id='block_1_3' title="bbox 266 376 1543 730">
    <p class='ocr_par' dir='ltr' id='par_1_3' title="bbox 266 376 1543 730">
     <span class='ocr_line' id='line_1_3' title="bbox 266 376 1542 444; baseline 0.001 -19"><span class='ocrx_word' id='word_1_5' title='bbox 266 377 334 425; x_wconf 75' lang='lat' dir='ltr'>&#39;At</span> <span class='ocrx_word' id='word_1_6' title='bbox 369 390 455 443; x_wconf 85' lang='lat' dir='ltr'>ego</span> <span class='ocrx_word' id='word_1_7' title='bbox 493 393 578 439; x_wconf 85' lang='lat' dir='ltr'>per</span> <span class='ocrx_word' id='word_1_8' title='bbox 604 378 895 425; x_wconf 83' lang='lat' dir='ltr'>Mercurium</span> <span class='ocrx_word' id='word_1_9' title='bbox 930 380 1043 444; x_wconf 79' lang='lat' dir='ltr'>juro</span> <span class='ocrx_word' id='word_1_10' title='bbox 1064 413 1078 437; x_wconf 85' lang='grc'>,</span> <span class='ocrx_word' id='word_1_11' title='bbox 1114 379 1203 426; x_wconf 89' lang='lat' dir='ltr'>tibi</span> <span class='ocrx_word' id='word_1_12' title='bbox 1233 376 1419 437; x_wconf 81' lang='lat' dir='ltr'>Jovem·</span> <span class='ocrx_word' id='word_1_13' title='bbox 1441 394 1542 426; x_wconf 85' lang='lat' dir='ltr'>non</span> 
     </span>
     <span class='ocr_line' id='line_1_4' title="bbox 521 449 731 495; baseline 0 -1"><span class='ocrx_word' id='word_1_14' title='bbox 521 449 731 495; x_wconf 86' lang='lat' dir='ltr'>credere:</span> 
     </span>
     <span class='ocr_line' id='line_1_5' title="bbox 269 519 1543 588; baseline 0.003 -21"><span class='ocrx_word' id='word_1_15' title='bbox 269 520 390 567; x_wconf 90' lang='lat' dir='ltr'>Nam</span> <span class='ocrx_word' id='word_1_16' title='bbox 407 520 610 585; x_wconf 84' lang='lat' dir='ltr'>injurato</span> <span class='ocrx_word' id='word_1_17' title='bbox 633 522 726 568; x_wconf 89' lang='lat' dir='ltr'>scio</span> <span class='ocrx_word' id='word_1_18' title='bbox 747 523 853 583; x_wconf 87' lang='lat' dir='ltr'>plus</span> <span class='ocrx_word' id='word_1_19' title='bbox 872 519 1030 568; x_wconf 87' lang='lat' dir='ltr'><strong>credet</strong></span> <span class='ocrx_word' id='word_1_20' title='bbox 1051 522 1193 580; x_wconf 84' lang='lat' dir='ltr'>mihi,</span> <span class='ocrx_word' id='word_1_21' title='bbox 1221 539 1368 583; x_wconf 84' lang='lat' dir='ltr'>quam</span> <span class='ocrx_word' id='word_1_22' title='bbox 1383 524 1543 588; x_wconf 83' lang='lat' dir='ltr'>jurato</span> 
     </span>
     <span class='ocr_line' id='line_1_6' title="bbox 522 591 622 637; baseline 0 -1"><span class='ocrx_word' id='word_1_23' title='bbox 522 591 622 637; x_wconf 88' lang='lat' dir='ltr'>tibi.</span> 
     </span>
     <span class='ocr_line' id='line_1_7' title="bbox 756 695 1046 730; baseline 0 -1"><span class='ocrx_word' id='word_1_24' title='bbox 756 697 778 729; x_wconf 92' lang='lat' dir='ltr'>S</span> <span class='ocrx_word' id='word_1_25' title='bbox 814 698 846 729; x_wconf 91' lang='grc' dir='ltr'>Ο</span> <span class='ocrx_word' id='word_1_26' title='bbox 884 696 906 730; x_wconf 83' lang='grc'><strong>8</strong></span> <span class='ocrx_word' id='word_1_27' title='bbox 942 699 963 729; x_wconf 92' lang='grc' dir='ltr'>Ι</span> <span class='ocrx_word' id='word_1_28' title='bbox 998 695 1046 729; x_wconf 87' lang='grc' dir='ltr'>Α.</span> 
     </span>
    </p>
   </div>
   <div class='ocr_carea' id='block_1_4' title="bbox 268 769 1547 906">
    <p class='ocr_par' dir='ltr' id='par_1_4' title="bbox 268 769 1547 906">
     <span class='ocr_line' id='line_1_8' title="bbox 268 769 1547 843; baseline 0 -25"><span class='ocrx_word' id='word_1_29' title='bbox 268 769 390 843; x_wconf 76' lang='lat' dir='ltr'>Quis</span> <span class='ocrx_word' id='word_1_30' title='bbox 424 786 510 836; x_wconf 88' lang='lat' dir='ltr'>ego</span> <span class='ocrx_word' id='word_1_31' title='bbox 556 787 662 817; x_wconf 89' lang='lat' dir='ltr'>sum</span> <span class='ocrx_word' id='word_1_32' title='bbox 705 771 901 827; x_wconf 85' lang='lat' dir='ltr'>saltem,</span> <span class='ocrx_word' id='word_1_33' title='bbox 944 771 980 815; x_wconf 91' lang='lat' dir='ltr'>si</span> <span class='ocrx_word' id='word_1_34' title='bbox 1019 786 1122 817; x_wconf 88' lang='lat' dir='ltr'>non</span> <span class='ocrx_word' id='word_1_35' title='bbox 1152 787 1258 818; x_wconf 87' lang='lat' dir='ltr'>sum</span> <span class='ocrx_word' id='word_1_36' title='bbox 1294 769 1456 818; x_wconf 82' lang='lat' dir='ltr'>Sosia?</span> <span class='ocrx_word' id='word_1_37' title='bbox 1497 781 1547 818; x_wconf 83' lang='lat' dir='ltr'>te</span> 
     </span>
     <span class='ocr_line' id='line_1_9' title="bbox 521 835 1498 906; baseline -0.003 -17"><span class='ocrx_word' id='word_1_38' title='bbox 521 843 772 906; x_wconf 84' lang='lat' dir='ltr'>interrogo.</span> <span class='ocrx_word' id='word_1_39' title='bbox 1495 835 1498 837; x_wconf 44' lang='grc'><strong><em>’</em></strong></span> 
     </span>
    </p>
   </div>
   <div class='ocr_carea' id='block_1_5' title="bbox 614 950 1196 988">
    <p class='ocr_par' dir='ltr' id='par_1_5' title="bbox 614 950 1196 988">
     <span class='ocr_line' id='line_1_10' title="bbox 614 950 1196 988; baseline -0.003 0"><span class='ocrx_word' id='word_1_40' title='bbox 614 950 1196 988; x_wconf 83' lang='lat' dir='ltr'>MERCURIUS.</span> 
     </span>
    </p>
   </div>
   <div class='ocr_carea' id='block_1_6' title="bbox 266 1032 1543 1341">
    <p class='ocr_par' dir='ltr' id='par_1_6' title="bbox 266 1032 1543 1341">
     <span class='ocr_line' id='line_1_11' title="bbox 269 1032 1439 1105; baseline -0.004 -18"><span class='ocrx_word' id='word_1_41' title='bbox 269 1040 365 1087; x_wconf 89' lang='lat' dir='ltr'>Ubi</span> <span class='ocrx_word' id='word_1_42' title='bbox 392 1055 479 1105; x_wconf 89' lang='lat' dir='ltr'>ego</span> <span class='ocrx_word' id='word_1_43' title='bbox 502 1038 627 1086; x_wconf 83' lang='lat' dir='ltr'>Sosia</span> <span class='ocrx_word' id='word_1_44' title='bbox 650 1038 802 1084; x_wconf 90' lang='lat' dir='ltr'>nolim</span> <span class='ocrx_word' id='word_1_45' title='bbox 825 1054 944 1095; x_wconf 87' lang='lat' dir='ltr'>esse,</span> <span class='ocrx_word' id='word_1_46' title='bbox 967 1049 1023 1084; x_wconf 92' lang='lat' dir='ltr'>tu</span> <span class='ocrx_word' id='word_1_47' title='bbox 1048 1049 1146 1084; x_wconf 87' lang='lat' dir='ltr'>esto</span> <span class='ocrx_word' id='word_1_48' title='bbox 1167 1053 1276 1083; x_wconf 89' lang='lat' dir='ltr'>sane</span> <span class='ocrx_word' id='word_1_49' title='bbox 1301 1032 1439 1082; x_wconf 83' lang='lat' dir='ltr'>Sosia.</span> 
     </span>
     <span class='ocr_line' id='line_1_12' title="bbox 266 1110 1543 1178; baseline -0.002 -20"><span class='ocrx_word' id='word_1_50' title='bbox 266 1112 409 1160; x_wconf 91' lang='lat' dir='ltr'>Nunc</span> <span class='ocrx_word' id='word_1_51' title='bbox 432 1114 627 1176; x_wconf 82' lang='lat' dir='ltr'>quando</span> <span class='ocrx_word' id='word_1_52' title='bbox 652 1130 739 1178; x_wconf 85' lang='lat' dir='ltr'>ego</span> <span class='ocrx_word' id='word_1_53' title='bbox 761 1130 867 1159; x_wconf 91' lang='lat' dir='ltr'>sum</span> <span class='ocrx_word' id='word_1_54' title='bbox 883 1148 896 1171; x_wconf 88' lang='lat'>,</span> <span class='ocrx_word' id='word_1_55' title='bbox 922 1113 1189 1175; x_wconf 81' lang='lat' dir='ltr'>vapulabis,</span> <span class='ocrx_word' id='word_1_56' title='bbox 1214 1112 1264 1157; x_wconf 88' lang='lat' dir='ltr'>ni</span> <span class='ocrx_word' id='word_1_57' title='bbox 1288 1112 1399 1157; x_wconf 90' lang='lat' dir='ltr'>hinc</span> <span class='ocrx_word' id='word_1_58' title='bbox 1421 1110 1543 1169; x_wconf 74' lang='lat' dir='ltr'>ab1s‚</span> 
     </span>
     <span class='ocr_line' id='line_1_13' title="bbox 344 1186 752 1251; baseline -0.002 -19"><span class='ocrx_word' id='word_1_59' title='bbox 344 1188 347 1190; x_wconf 77' lang='grc'><strong>’</strong></span> <span class='ocrx_word' id='word_1_60' title='bbox 520 1186 752 1251; x_wconf 87' lang='lat' dir='ltr'>ignobilis.</span> 
     </span>
     <span class='ocr_line' id='line_1_14' title="bbox 756 1305 1048 1341; baseline -0.003 -1"><span class='ocrx_word' id='word_1_61' title='bbox 756 1306 779 1340; x_wconf 88' lang='lat' dir='ltr'>S</span> <span class='ocrx_word' id='word_1_62' title='bbox 816 1307 848 1341; x_wconf 93' lang='grc' dir='ltr'><strong>Ο</strong></span> <span class='ocrx_word' id='word_1_63' title='bbox 886 1306 908 1340; x_wconf 93' lang='lat' dir='ltr'>S</span> <span class='ocrx_word' id='word_1_64' title='bbox 943 1306 965 1339; x_wconf 91' lang='lat' dir='ltr'>I</span> <span class='ocrx_word' id='word_1_65' title='bbox 1000 1305 1048 1339; x_wconf 86' lang='lat' dir='ltr'>A.</span> 
     </span>
    </p>
   </div>
   <div class='ocr_carea' id='block_1_7' title="bbox 270 1384 1549 2522">
    <p class='ocr_par' dir='ltr' id='par_1_7' title="bbox 270 1384 1547 1524">
     <span class='ocr_line' id='line_1_15' title="bbox 270 1384 1547 1447; baseline -0.001 -14"><span class='ocrx_word' id='word_1_66' title='bbox 270 1385 408 1433; x_wconf 82' lang='lat' dir='ltr'><strong>Certe</strong></span> <span class='ocrx_word' id='word_1_67' title='bbox 426 1384 627 1447; x_wconf 83' lang='lat' dir='ltr'>edepol,</span> <span class='ocrx_word' id='word_1_68' title='bbox 642 1401 795 1447; x_wconf 89' lang='lat' dir='ltr'>quom</span> <span class='ocrx_word' id='word_1_69' title='bbox 811 1386 949 1432; x_wconf 89' lang='lat' dir='ltr'>illum</span> <span class='ocrx_word' id='word_1_70' title='bbox 966 1385 1266 1446; x_wconf 83' lang='lat' dir='ltr'>contemplo,</span> <span class='ocrx_word' id='word_1_71' title='bbox 1283 1396 1330 1432; x_wconf 89' lang='lat' dir='ltr'>et</span> <span class='ocrx_word' id='word_1_72' title='bbox 1346 1385 1547 1432; x_wconf 87' lang='lat' dir='ltr'>formam</span> 
     </span>
     <span class='ocr_line' id='line_1_16' title="bbox 525 1476 974 1524; baseline 0 -18"><span class='ocrx_word' id='word_1_73' title='bbox 525 1476 758 1524; x_wconf 89' lang='lat' dir='ltr'>cognosco</span> <span class='ocrx_word' id='word_1_74' title='bbox 789 1478 974 1518; x_wconf 76' lang='lat' dir='ltr'>meam,</span> 
     </span>
    </p>

    <p class='ocr_par' dir='ltr' id='par_1_8' title="bbox 272 1529 1546 1651">
     <span class='ocr_line' id='line_1_17' title="bbox 272 1529 1546 1603; baseline -0.003 -24"><span class='ocrx_word' id='word_1_75' title='bbox 272 1531 701 1603; x_wconf 74' lang='lat' dir='ltr'>Quemadmodum</span> <span class='ocrx_word' id='word_1_76' title='bbox 728 1548 815 1595; x_wconf 87' lang='lat' dir='ltr'>ego</span> <span class='ocrx_word' id='word_1_77' title='bbox 838 1549 972 1593; x_wconf 85' lang='lat' dir='ltr'><strong>saepe</strong></span> <span class='ocrx_word' id='word_1_78' title='bbox 994 1532 1045 1576; x_wconf 88' lang='lat' dir='ltr'>in</span> <span class='ocrx_word' id='word_1_79' title='bbox 1065 1531 1312 1591; x_wconf 88' lang='lat' dir='ltr'>speculum</span> <span class='ocrx_word' id='word_1_80' title='bbox 1341 1529 1546 1591; x_wconf 83' lang='lat' dir='ltr'><strong>inspexi,</strong></span> 
     </span>
     <span class='ocr_line' id='line_1_18' title="bbox 525 1604 1032 1651; baseline -0.002 0"><span class='ocrx_word' id='word_1_81' title='bbox 525 1606 662 1651; x_wconf 89' lang='lat' dir='ltr'>nimis</span> <span class='ocrx_word' id='word_1_82' title='bbox 689 1605 828 1650; x_wconf 77' lang='lat' dir='ltr'>simili</span> <span class='ocrx_word' id='word_1_83' title='bbox 845 1606 898 1650; x_wconf 90' lang='lat' dir='ltr'>’st</span> <span class='ocrx_word' id='word_1_84' title='bbox 924 1604 1032 1650; x_wconf 88' lang='lat' dir='ltr'>mei.</span> 
     </span>
    </p>

    <p class='ocr_par' dir='ltr' id='par_1_9' title="bbox 271 1678 1549 1817">
     <span class='ocr_line' id='line_1_19' title="bbox 271 1678 1549 1739; baseline -0.001 -14"><span class='ocrx_word' id='word_1_85' title='bbox 271 1679 449 1725; x_wconf 87' lang='lat' dir='ltr'>Itidem</span> <span class='ocrx_word' id='word_1_86' title='bbox 477 1680 622 1724; x_wconf 86' lang='lat' dir='ltr'>habet</span> <span class='ocrx_word' id='word_1_87' title='bbox 643 1690 882 1739; x_wconf 84' lang='lat' dir='ltr'>petasum,</span> <span class='ocrx_word' id='word_1_88' title='bbox 906 1695 958 1724; x_wconf 87' lang='lat' dir='ltr'>ac</span> <span class='ocrx_word' id='word_1_89' title='bbox 983 1679 1237 1725; x_wconf 85' lang='lat' dir='ltr'>vestitum:</span> <span class='ocrx_word' id='word_1_90' title='bbox 1272 1688 1371 1723; x_wconf 84' lang='lat' dir='ltr'>tam</span> <span class='ocrx_word' id='word_1_91' title='bbox 1397 1678 1549 1724; x_wconf 87' lang='lat' dir='ltr'>consi-</span> 
     </span>
     <span class='ocr_line' id='line_1_20' title="bbox 523 1754 996 1817; baseline -0.002 -18"><span class='ocrx_word' id='word_1_92' title='bbox 523 1754 626 1799; x_wconf 88' lang='lat' dir='ltr'>mili</span> <span class='ocrx_word' id='word_1_93' title='bbox 646 1755 699 1799; x_wconf 88' lang='lat' dir='ltr'>’st</span> <span class='ocrx_word' id='word_1_94' title='bbox 723 1765 867 1813; x_wconf 89' lang='lat' dir='ltr'>atque</span> <span class='ocrx_word' id='word_1_95' title='bbox 896 1770 996 1817; x_wconf 84' lang='lat' dir='ltr'>ego.</span> 
     </span>
    </p>

    <p class='ocr_par' dir='ltr' id='par_1_10' title="bbox 271 1826 1548 1954">
     <span class='ocr_line' id='line_1_21' title="bbox 271 1826 1548 1892; baseline -0.001 -18"><span class='ocrx_word' id='word_1_96' title='bbox 271 1826 416 1885; x_wconf 78' lang='lat' dir='ltr'>Sura,</span> <span class='ocrx_word' id='word_1_97' title='bbox 447 1844 558 1889; x_wconf 88' lang='lat' dir='ltr'><strong>pes,</strong></span> <span class='ocrx_word' id='word_1_98' title='bbox 591 1837 786 1883; x_wconf 81' lang='lat' dir='ltr'>statura,</span> <span class='ocrx_word' id='word_1_99' title='bbox 820 1837 981 1870; x_wconf 87' lang='lat' dir='ltr'>tonsus</span> <span class='ocrx_word' id='word_1_100' title='bbox 1001 1859 1016 1883; x_wconf 82' lang='lat'>‚</span> <span class='ocrx_word' id='word_1_101' title='bbox 1041 1826 1176 1892; x_wconf 36' lang='lat' dir='ltr'>’o&#39;culi</span> <span class='ocrx_word' id='word_1_102' title='bbox 1193 1859 1207 1882; x_wconf 84' lang='lat'><strong>,</strong></span> <span class='ocrx_word' id='word_1_103' title='bbox 1242 1839 1409 1870; x_wconf 89' lang='lat' dir='ltr'>nasum</span> <span class='ocrx_word' id='word_1_104' title='bbox 1426 1859 1441 1883; x_wconf 85' lang='lat'><strong>,</strong></span> <span class='ocrx_word' id='word_1_105' title='bbox 1470 1828 1548 1873; x_wconf 81' lang='lat' dir='ltr'>vel</span> 
     </span>
     <span class='ocr_line' id='line_1_22' title="bbox 522 1898 680 1954; baseline 0 -11"><span class='ocrx_word' id='word_1_106' title='bbox 522 1898 649 1943; x_wconf 83' lang='lat' dir='ltr'>labra</span> <span class='ocrx_word' id='word_1_107' title='bbox 665 1930 680 1954; x_wconf 88' lang='lat'>‚</span> 
     </span>
    </p>

    <p class='ocr_par' dir='ltr' id='par_1_11' title="bbox 273 1966 1547 2102">
     <span class='ocr_line' id='line_1_23' title="bbox 273 1966 1547 2029; baseline -0.002 -12"><span class='ocrx_word' id='word_1_108' title='bbox 273 1970 424 2017; x_wconf 83' lang='lat' dir='ltr'>Malae</span> <span class='ocrx_word' id='word_1_109' title='bbox 442 2002 457 2027; x_wconf 85' lang='lat'><strong>,</strong></span> <span class='ocrx_word' id='word_1_110' title='bbox 491 1980 712 2015; x_wconf 90' lang='lat' dir='ltr'>mentum</span> <span class='ocrx_word' id='word_1_111' title='bbox 731 2003 745 2025; x_wconf 86' lang='lat'><strong>‚</strong></span> <span class='ocrx_word' id='word_1_112' title='bbox 780 1967 926 2013; x_wconf 82' lang='lat' dir='ltr'>barba</span> <span class='ocrx_word' id='word_1_113' title='bbox 943 2000 958 2024; x_wconf 89' lang='lat'><strong>,</strong></span> <span class='ocrx_word' id='word_1_114' title='bbox 987 1966 1197 2012; x_wconf 88' lang='lat' dir='ltr'>collum:</span> <span class='ocrx_word' id='word_1_115' title='bbox 1232 1968 1390 2013; x_wconf 87' lang='lat' dir='ltr'>totus!</span> <span class='ocrx_word' id='word_1_116' title='bbox 1427 1968 1547 2029; x_wconf 87' lang='lat' dir='ltr'>quid</span> 
     </span>
     <span class='ocr_line' id='line_1_24' title="bbox 526 2041 926 2102; baseline -0.008 -14"><span class='ocrx_word' id='word_1_117' title='bbox 526 2042 679 2088; x_wconf 84' lang='lat' dir='ltr'>verbis</span> <span class='ocrx_word' id='word_1_118' title='bbox 711 2058 810 2102; x_wconf 85' lang='lat' dir='ltr'>opu</span> <span class='ocrx_word' id='word_1_119' title='bbox 835 2041 926 2086; x_wconf 72' lang='lat' dir='ltr'>’sti&#39;</span> 
     </span>
    </p>

    <p class='ocr_par' dir='ltr' id='par_1_12' title="bbox 272 2110 1547 2231">
     <span class='ocr_line' id='line_1_25' title="bbox 272 2110 1547 2177; baseline -0.003 -18"><span class='ocrx_word' id='word_1_120' title='bbox 272 2112 321 2160; x_wconf 89' lang='lat' dir='ltr'>Si</span> <span class='ocrx_word' id='word_1_121' title='bbox 355 2125 543 2177; x_wconf 88' lang='lat' dir='ltr'>tergum</span> <span class='ocrx_word' id='word_1_122' title='bbox 575 2114 920 2171; x_wconf 81' lang='lat' dir='ltr'>cicatricosum‚</span> <span class='ocrx_word' id='word_1_123' title='bbox 943 2111 1063 2157; x_wconf 90' lang='lat' dir='ltr'>nihil</span> <span class='ocrx_word' id='word_1_124' title='bbox 1094 2111 1187 2156; x_wconf 91' lang='lat' dir='ltr'>hoc</span> <span class='ocrx_word' id='word_1_125' title='bbox 1223 2110 1360 2156; x_wconf 81' lang='lat' dir='ltr'>simili</span> <span class='ocrx_word' id='word_1_126' title='bbox 1392 2110 1547 2157; x_wconf 81' lang='lat' dir='ltr'>est&#39;si-</span> 
     </span>
     <span class='ocr_line' id='line_1_26' title="bbox 525 2185 695 2231; baseline 0.006 -2"><span class='ocrx_word' id='word_1_127' title='bbox 525 2185 695 2231; x_wconf 85' lang='lat' dir='ltr'>milius.</span> 
     </span>
    </p>

    <p class='ocr_par' dir='ltr' id='par_1_13' title="bbox 272 2254 1545 2393">
     <span class='ocr_line' id='line_1_27' title="bbox 272 2254 1545 2322; baseline 0.001 -21"><span class='ocrx_word' id='word_1_128' title='bbox 272 2254 367 2302; x_wconf 89' lang='lat' dir='ltr'>Sed</span> <span class='ocrx_word' id='word_1_129' title='bbox 394 2273 546 2316; x_wconf 90' lang='lat' dir='ltr'>quom</span> <span class='ocrx_word' id='word_1_130' title='bbox 569 2259 726 2322; x_wconf 89' lang='lat' dir='ltr'>cogito</span> <span class='ocrx_word' id='word_1_131' title='bbox 740 2293 753 2315; x_wconf 85' lang='lat'>,</span> <span class='ocrx_word' id='word_1_132' title='bbox 778 2258 1004 2319; x_wconf 87' lang='lat' dir='ltr'>equidem</span> <span class='ocrx_word' id='word_1_133' title='bbox 1033 2269 1159 2304; x_wconf 82' lang='lat' dir='ltr'>certo</span> <span class='ocrx_word' id='word_1_134' title='bbox 1182 2257 1311 2303; x_wconf 91' lang='lat' dir='ltr'>idem</span> <span class='ocrx_word' id='word_1_135' title='bbox 1332 2272 1437 2303; x_wconf 89' lang='lat' dir='ltr'>sum</span> <span class='ocrx_word' id='word_1_136' title='bbox 1460 2257 1545 2316; x_wconf 90' lang='lat' dir='ltr'>qui</span> 
     </span>
     <span class='ocr_line' id='line_1_28' title="bbox 531 2332 817 2393; baseline 0.007 -17"><span class='ocrx_word' id='word_1_137' title='bbox 531 2347 711 2393; x_wconf 86' lang='lat' dir='ltr'>semper</span> <span class='ocrx_word' id='word_1_138' title='bbox 733 2332 817 2378; x_wconf 87' lang='lat' dir='ltr'>fui.</span> 
     </span>
    </p>

    <p class='ocr_par' dir='ltr' id='par_1_14' title="bbox 273 2402 1545 2522">
     <span class='ocr_line' id='line_1_29' title="bbox 273 2402 1545 2466; baseline -0.001 -16"><span class='ocrx_word' id='word_1_139' title='bbox 273 2403 399 2451; x_wconf 84' lang='lat' dir='ltr'>Novi</span> <span class='ocrx_word' id='word_1_140' title='bbox 432 2405 632 2450; x_wconf 84' lang='lat' dir='ltr'>herum:</span> <span class='ocrx_word' id='word_1_141' title='bbox 669 2406 786 2453; x_wconf 89' lang='lat' dir='ltr'>novi</span> <span class='ocrx_word' id='word_1_142' title='bbox 823 2406 945 2453; x_wconf 79' lang='lat' dir='ltr'>aedis</span> <span class='ocrx_word' id='word_1_143' title='bbox 976 2416 1162 2452; x_wconf 84' lang='lat' dir='ltr'>nostras.</span> <span class='ocrx_word' id='word_1_144' title='bbox 1197 2417 1303 2450; x_wconf 85' lang='lat' dir='ltr'>sane</span> <span class='ocrx_word' id='word_1_145' title='bbox 1338 2402 1464 2466; x_wconf 82' lang='lat' dir='ltr'>sapio</span> <span class='ocrx_word' id='word_1_146' title='bbox 1499 2414 1545 2449; x_wconf 89' lang='lat' dir='ltr'>et</span> 
     </span>
     <span class='ocr_line' id='line_1_30' title="bbox 524 2487 686 2522; baseline 0.006 -1"><span class='ocrx_word' id='word_1_147' title='bbox 524 2487 686 2522; x_wconf 73' lang='lat' dir='ltr'>sentio.</span> 
     </span>
    </p>
   </div>
  </div>
 </body>
</html>
