1650 2826
132 197 259 231 ιρι
338 222 341 225 .
409 181 695 229 ACTUS
748 181 807 229 V.
856 181 958 230 SC.
1011 186 1114 234 IV.
1305 193 1396 251 467

404 301 1106 338 PHILocRATEs.

134 380 275 426 Nunc
294 377 383 425 tibi
401 387 532 438 pater
549 378 625 424 hic
638 389 731 423 est:
753 378 829 424 hic
847 378 923 425 fur
939 390 1008 425 est
1026 390 1135 427 tuus
1151 414 1165 438 ‚
1190 381 1274 442 qui
1295 397 1401 444 par-

347 499 351 503 ,
386 465 502 498 vom
532 450 644 496 hinc
669 461 717 495 te
744 450 948 497 abstulit.

504 541 536 574 Τ
571 542 603 574 Y
640 542 674 575 Ν
711 543 746 575 D
781 542 815 575 A
851 544 884 577 R
919 543 955 576 U
991 542 1029 576 s.

138 614 201 660 At
218 627 306 678 ego
320 611 451 657 hunc
470 609 652 674 grandis
676 610 901 673 grandem
928 623 1046 657 natu
1063 646 1078 670 ‚
1104 612 1169 659 ob
1187 612 1369 661 furtum
1384 647 1399 673 ,

380 683 442 729 ad
463 683 744 728 carnuficem
771 683 909 729 dabo.

167 810 170 812 ,
411 781 1114 817 PnlLoanTEs.

132 842 387 892 Meritu'st.

511 926 544 959 ἰ’
578 926 612 959 Y
647 927 680 960 Ν
716 927 753 960 D
788 925 823 959 A
856 926 890 959 R
926 922 961 958 Π
997 925 1035 958 s.

383 993 507 1058 Ergo
527 993 700 1055 edepol
722 995 935 1041 meritam
962 995 1230 1043 mercedem
1258 996 1397 1046 dabo.

136 1067 230 1116 Sed
258 1068 334 1115 dic
363 1085 447 1116 010
468 1088 480 1113 :
504 1079 635 1130 pater
665 1085 798 1114 meus
827 1081 944 1114 tune
967 1070 1044 1115 es?

606 1162 641 1195 Η
675 1163 705 1195 E
743 1163 778 1196 G
812 1163 835 1195 1
868 1162 917 1195 o.

862 1231 963 1294 Ego
992 1248 1098 1278 sum
1114 1266 1129 1290 ,
1152 1245 1290 1298 gnate
1322 1236 1401 1282 mi.

491 1321 524 1355 Τ
561 1319 596 1355 Y
629 1319 665 1354 N
699 1319 736 1354 D
771 1319 806 1352 A
839 1320 872 1354 R
906 1319 942 1353 U
977 1322 1017 1355 S.

140 1388 283 1435 Nunc
313 1386 511 1435 demum
539 1390 589 1434 in
614 1388 891 1433 memoriam
916 1386 1059 1433 redeo
1075 1422 1090 1445 ,
1126 1403 1278 1449 quom
1301 1406 1404 1436 me-

389 1474 501 1506 cum
532 1459 689 1523 cogito
706 1494 720 1516 ,

140 1531 282 1578 Nunc
311 1532 483 1593 edepol
516 1532 715 1578 demum
743 1531 795 1580 in
827 1530 1105 1580 memoriam
1137 1533 1402 1599 regredior,

386 1603 563 1649 audisse
589 1617 667 1650 me

143 1675 290 1744 Quasi
322 1691 406 1736 per
438 1677 661 1722 nebulam
678 1710 694 1733 ‚
725 1675 994 1740 Hegionem
1022 1688 1206 1739 patrem
1238 1695 1404 1727 meum

389 1762 605 1793 vocaner.

580 1882 584 1885 ¹
622 1840 659 1876 Η
692 1841 722 1874 Ε
757 1839 791 1875 G
825 1842 847 1875 Ι
880 1842 929 1875 0.

144 1892 244 1956 Ego
278 1905 396 1937 sum.

437 1966 1132 2015 PHILocRA'TEs.

266 2044 573 2106 Conpedibus
590 2078 603 2102 ‚
624 2063 796 2106 quaeso
810 2080 824 2102 ,
841 2057 896 2091 ut
915 2045 1004 2091 tibi
1024 2046 1081 2091 sit
1097 2047 1244 2094 levior
1260 2044 1380 2093 filius
1393 2079 1410 2106 ‚

147 2115 309 2177 Atque
336 2118 410 2163 hic
440 2118 620 2182 gravior
648 2135 812 2165 servos.

623 2210 658 2242 H
692 2210 721 2242 E
758 2209 791 2242 G
825 2208 847 2242 I
882 2209 930 2242 O·

428 2277 624 2323 Certum
650 2278 705 2322 'st
736 2276 1023 2338 principium
1043 2274 1092 2320 id
1113 2276 1408 2336 praevortier.

151 2347 320 2395 Eamus
349 2349 473 2395 intro
490 2383 503 2405 ,
538 2362 592 2395 ut
623 2359 867 2397 arcessatur
898 2347 1051 2394 faber:
1085 2359 1140 2394 ut
1166 2349 1268 2393 istas
1302 2362 1418 2393 con—

404 2422 547 2483 pedes

378 2485 390 2493 κ
530 2480 546 2498 x
1089 2490 1133 2537 G
1150 2507 1180 2554 g
1207 2507 1234 2542 ἢ
