1650 2826
140 206 276 254 ’.4ο
428 181 713 234 ACTUS
762 182 845 228 ΙΙ.
901 180 1007 228 SC.
1060 183 1099 228 Ι.
1322 197 1413 243 ⁹99

621 304 654 338 1.
689 304 722 337 Y
758 305 794 337 D
830 302 865 336 U
902 302 939 336 S.

703 371 868 443 Quid?
907 386 1019 418 cave
1050 370 1176 416 malo
1194 368 1218 414 Ξ)

341 464 1125 514 ψιίετοοιῑιιυε.

142 543 248 604 Jam
269 540 459 588 excessit
479 538 599 586 mihi
617 548 738 584 aetas
765 553 824 582 ex
850 535 1111 600 magisterio
1134 545 1236 581 tuo.

619 639 937 675 LYDUS.

147 713 198 760 Ο
223 711 521 766 barathrum,
548 708 635 755 ubi
664 724 793 754 nunc
818 707 900 753 es?
932 718 988 753 ut
1013 723 1100 771 ego
1125 717 1174 753 te
1193 720 1419 766 usurpem

395 782 594 829 lubens!

149 855 306 903 Video
340 855 491 900 nimio
514 854 611 917 jam
637 853 794 898 multo
823 853 930 913 plus
957 867 1103 912 quam
1129 851 1386 897 volueram.

147 927 325 976 Vixisse
351 927 502 975 nimio
526 926 645 972 satin
664 926 720 970 'st
742 925 843 988 jam
857 958 871 981 ,
891 940 1040 984 quam
1056 924 1227 970 vivere.

148 1001 413 1066 Magistron’
448 1014 744 1060 quemquam
778 997 1064 1058 discipulum
1094 995 1386 1042 minitarier?

101 1085 115 1101 ‘
150 1073 234 1120 Nil
270 1088 431 1119 moror
469 1070 718 1131 discipulos
751 1069 820 1115 mi
857 1068 949 1114 esse
981 1068 1083 1133 jam
1117 1069 1283 1130 plenos
1318 1083 1423 1114 san-

403 1159 582 1206 guinis:

151 1217 326 1264 «Valens
348 1217 533 1262 afflictet
564 1231 643 1260 me
668 1216 884 1261 vacivom
910 1215 1097 1261 virium.

446 1310 1132 1346 PISTOCLERUS.

113 1380 117 1383 ⁸
157 1387 289 1434 Fiam
302 1420 318 1444 ‚
336 1396 392 1432 ut
410 1401 498 1449 ego
523 1386 716 1446 opinor,
737 1386 982 1436 Herculem
1003 1397 1059 1431 tu
1084 1397 1244 1432 autem
1264 1386 1423 1432 Linus.

641 1486 672 1518 Ι,
707 1486 741 1518 Y
775 1487 810 1518 D
847 1486 882 1518 U
918 1485 955 1518 s.

163 1560 251 1606 Pol
279 1572 445 1606 metuo
478 1562 646 1625 magis,
675 1577 737 1607 ne
766 1562 980 1609 Phoenix
1007 1563 1099 1607 tuis
1124 1561 1251 1607 factis
1269 1561 1427 1619 fuam,

162 1632 335 1692 Teque
362 1633 423 1677 ad
449 1644 631 1694 patrem
659 1649 752 1679 esse
779 1645 1033 1688 mortuum
1057 1635 1341 1681 renuntiem.

412 1731 1143 1768 >PISTOCLERUS.

162 1803 278 1851 Satis
308 1805 603 1853 historiamm
621 1808 697 1854 ’st.-

628 1900 945 1934 LYDUS.

737 1975 829 2021 Hic
856 1977 1005 2022 vereri
1024 1977 1244 2038 perdidit.

167 2043 508 2105 Conpendium
535 2046 706 2108 edepol
728 2049 859 2093 haud
886 2052 1024 2096 aetati
1048 2051 1255 2111 optabile

164 2116 363 2175 Fecisti,
391 2135 543 2179 quom
571 2121 715 2168 istanc
741 2124 926 2170 nactu’s
952 2124 1296 2185 inpudentiam.
1343 2162 1346 2164 .

166 2189 361 2235 Occisus
386 2191 462 2236 hic
493 2192 641 2238 homo
664 2194 730 2239 'st.
759 2196 935 2256 ecquid
951 2197 1002 2242 in
1020 2208 1233 2243 mentem
1245 2197 1299 2242 ’st
1318 2196 1432 2255 tibi„

163 2259 351 2308 Patrem
381 2263 470 2310 tibi
502 2281 594 2310 esse
611 2266 634 2311 i>

456 2357 1140 2396 PISTOCLERUS.

584 2435 700 2482 Tibi
723 2453 835 2501 ego,
855 2450 938 2486 aut
960 2450 1016 2487 tu
1036 2442 1154 2488 mihi
1175 2458 1326 2489 servos
1347 2440 1432 2488 es?
