1650 2826
243 213 337 274 456
581 207 1188 256 CAPTEIVEI.
1348 226 1514 260 v.12o

728 335 762 368 Η
798 334 827 366 Ε
866 334 898 367 G
935 334 954 366 1
992 334 1039 367 o.

249 398 371 453 Cura
402 417 548 464 quam
578 413 778 465 optume
809 413 957 463 potes.

602 506 633 539 E
669 506 703 539 R
741 505 772 539 G
810 504 844 537 A
881 504 902 538 S
942 505 962 537 I
998 504 1027 536 L
1064 503 1100 536 U
1136 503 1176 536 S·

750 575 879 622 Bene
906 574 1128 638 ambula,
1162 583 1209 619 et
1230 570 1521 618 redambula.

565 732 956 782 SCENA
1037 734 1190 780 III.

609 885 1176 921 ERGASILUS.

250 971 391 1084 ILL
407 1049 427 1081 1
442 1049 467 1081 c
495 1036 607 1082 hinc
634 1036 776 1082 abiit:
796 1036 915 1083 mihi
943 1053 1044 1091 rem
1068 1054 1301 1083 summam
1334 1037 1532 1083 credidit

515 1108 748 1154 cibariam.

255 1184 338 1231 Dii
364 1183 633 1229 inmortales
650 1217 662 1236 ,
686 1183 784 1244 jam
808 1192 864 1227 ut
893 1197 980 1245 ego
1012 1181 1157 1227 collos
1181 1183 1526 1244 praetruncabo

517 1254 806 1318 tergoribus!

260 1333 455 1401 Quanta
473 1330 630 1392 pernis
649 1329 788 1389 pestis
807 1328 988 1374 veniet!
1012 1339 1189 1389 quanta
1210 1329 1336 1374 labes
1358 1327 1528 1374 larido!

260 1404 458 1472 Quanta
483 1404 658 1449 sumini
681 1403 940 1455 absumedo
961 1404 970 1448 !
1003 1413 1182 1463 quanta
1205 1404 1324 1448 callo
1348 1401 1538 1448 calami-

512 1491 579 1524 tas
601 1480 611 1524 ‚¹
1284 1531 1292 1539 .

259 1554 453 1622 Quanta
483 1553 613 1598 laniis
639 1551 890 1598 lassitudo!
927 1561 1104 1612 quanta
1134 1547 1426 1610 porcinariis!

261 1623 386 1673 Nam
416 1625 452 1670 si
479 1626 565 1673 alia
599 1641 864 1678 memorem
882 1658 894 1680 ‚
923 1640 1046 1684 quae
1072 1621 1132 1671 ad
1157 1620 1330 1670 ventris
1354 1619 1538 1667 victum

516 1698 797 1745 conducunt
812 1732 825 1753 ‚
852 1714 984 1742 mora
1004 1697 1071 1742 ’st.

264 1771 409 1818 Nunc
438 1773 518 1818 ibo
552 1773 601 1818 in
627 1771 964 1834 praefecturam
980 1781 1069 1827 ‚ut
1085 1770 1163 1833 jus
1190 1766 1343 1813 dicam
1360 1763 1537 1821 larido,

264 1846 326 1894 Et
359 1865 480 1909 quae
508 1848 723 1910 pendent
753 1846 1051 1891 indemnatae
1078 1860 1282 1906 pernae,
1314 1837 1376 1891 eis
1402 1840 1536 1891 auxi-

515 1921 637 1967 lium
664 1931 719 1966 ut
746 1918 904 1965 feram.

612 2081 1003 2134 SCENA
1077 2080 1190 2131 IV,

475 2215 728 2265 'PUER
794 2202 1290 2266 HEGIQNIS.

265 2316 397 2428 DI
409 2393 438 2426 E
451 2393 472 2427 s
484 2394 511 2427 P
525 2394 545 2426 1
562 2394 591 2426 ‘r
604 2392 633 2425 Ε
646 2394 679 2430 R
706 2391 756 2431 te
783 2378 963 2438 Diique
979 2410 993 2434 ,
1017 2372 1215 2438 Ergasile
1227 2403 1240 2427 ,
1264 2366 1463 2429 perdant
1492 2376 1537 2412 et

522 2463 741 2505 ventrem
766 2462 908 2502 tuum
928 2482 945 2505 ,
