1650 2826
258 156 319 199 54
562 136 1218 185 AMPHITRUO.
1418 157 1541 210 ”²451

257 241 320 289 Ni
356 258 444 306 ego
474 242 542 287 illi
569 252 745 302 puteo,
774 240 810 286 si
842 257 1038 303 occepso
1060 275 1073 298 ,
1105 241 1312 287 animam
1344 256 1545 287 omnem

510 316 833 362 intertraxero.
1069 334 1072 335 ⁷

598 420 1201 458 AMPHITRUO.

260 496 468 557 Sequere
500 495 596 540 hac·
614 511 694 539 me
723 493 905 550 modo,
937 493 1084 539 alium
1116 509 1203 558 ego
1234 493 1308 539 isti
1337 494 1404 541 rei
1433 496 1544 542 alle-

511 568 634 632 gabo
652 602 666 625 ,
696 583 758 612 ne
787 567 915 613 time.

631 675 1168 710 ALVCUMENA.

256 764 409 828 ·Magis
435 779 567 809 nunc
593 777 762 806 meum
788 760 996 806 officium
1026 759 1174 807 facere
1191 794 1206 818 ,
1237 760 1273 806 si
1300 759 1412 806 huic
1443 774 1547 805 eam

515 828 795 888 advorsum,
827 830 1037 876 arbitror.

603 940 1208 974 AMPHITRUO.

255 1019 555 1086 ‘Amphitruo
580 1033 782 1063 uxorem
800 1018 967 1064 salutat
983 1017 1131 1061 laetus
1148 1026 1375 1076 speratam
1393 1031 1548 1071 suam,

263 1096 428 1164 Quam
450 1092 673 1138 omnium
695 1090 874 1136 Thebis
899 1089 969 1135 vir
995 1105 1143 1134 unam
1174 1105 1267 1137 esse
1298 1098 1550 1148 optumam

521 1162 750 1227 dijudicat
767 1197 780 1219 ‚

266 1237 530 1307 Quamque
565 1234 684 1279 adeo
725 1234 847 1279 cives
883 1233 1104 1278 Thebani
1135 1247 1248 1278 vero
1283 1231 1553 1280 rumificant

519 1307 733 1369 probam.

265 1380 512 1432 Valuistin'
527 1380 712 1446 usque?
736 1389 1088 1442 exspectatusne
1111 1379 1312 1425 advenio
1327 1380 1349 1425 ?

743 1488 766 1521 s
802 1489 835 1521 o
873 1487 895 1521 s
932 1487 953 1520 1
988 1487 1037 1519 A.

1130 1538 1276 1584 Haud
1293 1538 1392 1584 vidi
1411 1540 1555 1604 magis

269 1615 607 1676 Exspectatum
623 1632 632 1657 z
654 1626 766 1658 eum
784 1611 951 1656 salutat
967 1611 1111 1675 magis
1126 1610 1258 1657 haud
1273 1609 1552 1671 quisquam,

529 1701 677 1745 quarn
707 1699 887 1729 canem.

524 1759 547 1783 ⁹
613 1783 1214 1822 AMPHITR'UO.

271 1867 332 1915 Et
356 1880 509 1928 quom
530 1874 578 1911 te
601 1862 839 1926 gravidam
857 1897 869 1919 ,
895 1873 942 1907 et
966 1877 1120 1923 quom
1141 1860 1339 1924 pulchfre
1361 1863 1555 1927 plenam

528 1937 698 1999 aspicio
720 1972 732 1994 ,
759 1935 958 2001 gaudeo.

642 2050 1180 2085 ALCUMENA.

275 2137 486 2182 Obsecro
518 2144 721 2189 ecastor,
755 2131 875 2192 quid
899 2142 955 2176 tu
981 2147 1059 2176 me
1091 2129 1337 2184 deridiculi
1364 2131 1506 2195 gratia

277 2207 350 2256 Sic
391 2209 555 2252 salutas
591 2218 737 2266 atque
774 2205 1007 2267 appellas,
1051 2204 1183 2264 quasi
1226 2203 1414 2250 dudum
1453 2219 1553 2250 non

532 2277 700 2323 videris
716 2311 730 2335 ‚
1248 2314 1251 2319 .

276 2349 522 2424 Quasique
547 2362 678 2396 nunc
704 2350 917 2411 primum
938 2348 1128 2413 recipias
1155 2358 1202 2394 te
1226 2346 1429 2396 domum
1459 2347 1554 2400 huc

538 2436 596 2469 ex
622 2420 832 2469 hostibus
848 2454 863 2478 2
913 2430 918 2436 '
