1650 2826
251 175 344 218 4m
578 153 1189 201 CAPTEIVEL
1430 170 1567 243 RQ

248 269 466 328 Eamque
503 265 638 312 herili
674 265 874 326 imperio
918 264 1116 329 ingeniis
1154 263 1318 311 vostris
1354 265 1515 313 lenem

503 339 712 385 reddere.

250 414 451 481 Indigna
470 411 611 479 dign'a
629 412 847 459 habenda
870 424 1003 470 sunt,
1023 413 1160 458 herus
1180 429 1303 473 quae
1322 412 1445 459 facit.

542 505 1251 541 PHILOCRATES.

1243 565 1531 614 Ohohoh!

643 642 1148 676 LORARIUS.

252 712 524 762 Eiulatione
548 712 679 759 haud
705 728 804 773 opu
819 712 898 756 'st:
923 711 1068 757 oculis
1086 713 1288 763 multam
1303 714 1534 762 miseriam

511 783 692 829 additis.

252 860 311 906 In
341 875 391 904 re
420 858 542 903 mala
568 856 728 901 animo
756 855 791 900 si
818 855 952 901 bono
982 867 1112 901 utare
1128 890 1142 913 ‚
1168 857 1373 921 adjuvat.

548 949 1251 984 PHILOCRATES.

254 1011 319 1058 At
341 1027 427 1057 nos
449 1010 628 1072 pudet,
653 1010 765 1070 quia
788 1025 899 1055 cum
919 1010 1090 1055 catenis
1112 1026 1287 1055 sumus.

636 1105 667 1137 1.
706 1104 737 1136 o
775 1105 809 1137 R
845 1103 880 1135 A
915 1104 948 1137 R
983 1103 1004 1135 1
1041 1103 1076 1136 U
1114 1105 1153 1137 s.
1485 1123 1487 1125 »

1106 1160 1172 1206 At
1198 1162 1355 1225 pigeat
1377 1174 1541 1224 postea

256 1235 483 1281 Nostrum
511 1234 681 1280 herum
701 1268 714 1290 ‚
734 1233 871 1278 sivos
900 1232 1075 1278 eximat
1101 1231 1300 1278 vinculis
1316 1266 1333 1289 ‚

258 1306 357 1352 Aut
383 1308 561 1352 solutos
594 1306 741 1363 sinat,
773 1322 893 1367 quos
926 1316 1119 1369 argento
1147 1304 1327 1351 emerit.

547 1398 1255 1432 PHILOCRATES.

262 1469 399 1540 Quid
435 1485 460 1514 a
492 1468 632 1514 nobis
663 1467 874 1513 metuit?
905 1467 1074 1512 scimus
1102 1483 1190 1512 nos

261 1543 490 1589 Nostrum
522 1527 749 1587 officium
761 1540 899 1602 quod
922 1552 1015 1597 est,
1047 1540 1083 1585 si
1111 1540 1288 1586 solutos
1316 1539 1446 1586 sinat.

652 1636 681 1667 1,
725 1636 755 1667 ο
795 1637 828 1669 R
857 1635 890 1668 A
926 1637 959 1668 R
994 1635 1015 1667 1
1053 1634 1088 1666 U
1126 1634 1163 1667 s.

267 1705 332 1751 At
354 1705 514 1770 fugam
544 1705 729 1769 fingitis.
763 1702 914 1751 sentio
942 1720 1089 1765 quam
1119 1719 1221 1748 rem
1247 1701 1391 1766 agitis.

557 1800 1264 1837 PHILOCRATES.

264 1874 362 1921 Nos
388 1874 655 1939 fugiamus?
688 1889 787 1934 quo
810 1872 1078 1936 fugiamus?

648 1971 678 2003 L
715 1971 747 2003 o
784 1971 816 2003 R
852 1969 886 2002 A
922 1971 955 2003 R
991 1969 1010 2000 Ι
1049 1967 1083 1999 U
1121 1967 1158 2000 s.

945 2027 1240 2089 Inpatriam.

550 2120 1258 2154 PHILOCRATES.

854 2187 1040 2252 Apage:
1060 2187 1188 2233 haud
1204 2202 1290 2231 nos
1311 2183 1362 2230 id
1383 2182 1544 2230 deceat

246 2251 507 2315 -Fugitivos
530 2254 713 2300 imitari.

649 2348 678 2380 L
716 2348 747 2380 o
786 2350 818 2381 R
854 2349 888 2381 A
925 2348 957 2380 R
993 2347 1012 2379 1
1049 2347 1084 2379 u
1120 2323 1157 2378 's.

363 2417 522 2462 Immo
547 2417 743 2478 edepol,
770 2420 804 2464 si
829 2419 914 2465 exit
935 2417 1111 2463 occasio
1127 2449 1141 2473 ‚
1159 2412 1288 2460 haud
1307 2411 1542 2471 dehoxtor.
