1650 2826
120 174 254 222 v.45
403 153 694 206 A-CTUS
744 149 846 202 IV.
895 148 1003 201 SC.
1053 154 1132 203 II.
1288 170 1395 215 447

475 278 507 312 E
541 278 574 311 R
611 275 644 309 G
677 274 713 309 Δ
747 274 773 308 S
808 274 829 307 1
867 273 897 307 L
933 273 968 308 U
1005 272 1044 307 S.

128 348 244 396 Non
269 364 356 414 ego
379 363 509 393 nunc
533 346 759 393 Parasitus
782 361 888 391 sum
903 379 918 402 ‚
938 345 1020 390 sed
1038 360 1206 409 regum
1225 361 1309 392 rex
1330 363 1403 392 re-

294 450 298 454 ·
376 421 550 485 galim:

108 495 311 541 'Tantus
342 492 500 540 ventri
537 502 814 540 conmeatus
851 505 962 536 meo
1003 487 1134 535 adest
1169 489 1221 534 in
1258 501 1406 551 portu

377 565 522 612 cibus,

130 639 226 689 Sed
252 655 342 704 ego
379 655 505 687 cesso
540 639 670 685 hunc
707 636 981 700 Hegionem
1012 651 1205 682 onerare
1235 637 1410 683 laetitia

379 730 538 760 senem
554 713 575 758 Ξ)

130 786 236 859 Qui
258 787 456 834 homine
484 785 743 831 hominum
766 783 981 852 adaeque
1004 797 1150 828 nemo
1176 780 1295 828 vivit
1317 780 1411 828 fot-

382 871 605 906 tunatxor.

615 951 651 985 Η
686 952 717 985 Ε
755 951 788 985 G
823 951 844 984 1
883 950 933 983 o.

104 1021 107 1023 “
134 1020 275 1092 Quae
310 1020 443 1067 illaec
471 1030 538 1066 est
564 1020 764 1077 laetitia,
801 1036 950 1081 quam
975 1018 1071 1064 illic
1103 1019 1252 1064 laetus
1275 1018 1413 1084 laxgi-

384 1105 464 1140 tur
495 1092 649 1138 mihi?

486 1187 517 1219 Ε
554 1188 586 1219 R
622 1186 655 1218 G
689 1186 724 1219 A
759 1186 782 1219 s
820 1187 840 1218 1
876 1186 907 1219 1.
942 1185 979 1218 11
1015 1187 1056 1220 s.

134 1253 290 1310 HeuS,
310 1252 401 1298 ubi»
415 1251 552 1298 estis?
572 1252 733 1312 ecquis
754 1252 848 1323 hoc
865 1252 1014 1312 aperit
1032 1253 1239 1300 ostium?

627 1344 663 1377 Η
699 1345 729 1377 Ε
766 1345 798 1377 G
834 1345 854 1377 1
889 1344 940 1377 ο.

1152 1396 1245 1443 Hic
1266 1397 1415 1444 homo

135 1469 217 1518 Ad
243 1486 443 1518 coenam
459 1471 625 1532 recipit
647 1488 693 1516 se
714 1470 774 1517 ad
794 1487 887 1517 me.

489 1560 1057 1598 ERGASILUS.

712 1630 906 1692 Aperite
931 1631 1066 1678 hasce
1087 1633 1244 1678 ambas
1267 1632 1385 1678 fores
1399 1668 1416 1691 ,

145 1703 423 1764 Priusquam
455 1702 691 1764 pultando
725 1703 962 1750 assulatim
996 1699 1176 1750 foribus
1216 1705 1418 1751 exitium

391 1775 546 1822 affero.
1211 1776 1213 1778 ’

623 1861 659 1893 Η
693 1861 723 1893 Ε
761 1860 794 1894 G
828 1862 849 1894 1
888 1861 937 1895 o.

147 1927 374 1975 Perlubet
390 1927 520 1973 hunc
534 1924 784 1974 hominem
804 1930 1048 1991 conloqui.
1073 1931 1295 1994 Ergasile!

495 2028 528 2060 Ε
562 2029 596 2061 R
633 2030 664 2062 G
701 2029 736 2061 A
772 2029 794 2061 s
830 2031 848 2062 1
885 2030 914 2062 1.
951 2030 987 2061 U
1024 2031 1063 2063 s.

857 2098 1116 2161 Ergasilum
1143 2100 1230 2160 qui
1253 2100 1422 2148 vocat?

623 2190 659 2225 n
694 2190 725 2224 Ε
762 2191 795 2225 G
830 2191 851 2224 1
890 2191 939 2224 0.
1230 2178 1236 2183 ’

147 2251 354 2315 Respice.

262 2331 268 2337 ’
505 2336 536 2369 Ε
573 2337 606 2370 R
641 2335 675 2369 G
710 2336 744 2370 A
780 2336 803 2371 S
839 2338 860 2370 1
895 2337 926 2370 1.
960 2337 998 2371 U
1032 2337 1071 2372 S.

401 2404 610 2453 Fottuna
628 2406 765 2469 quod
783 2406 871 2454 tibi
888 2423 976 2454 nec
994 2407 1104 2455 facit
1116 2443 1130 2466 ‚
1151 2419 1239 2455 nec
1255 2407 1391 2455 faciet
1402 2441 1421 2466 ,
