1650 2826
261 192 354 251 236
576 186 1205 237 AULULARIA.
1402 206 1537 254 230²

262 297 358 345 Scis
379 296 481 362 jam
509 313 666 342 meam
691 296 1136 358 sententiam?un
1163 297 1294 344 abis?
1317 299 1418 346 redi
1435 318 1537 350 tur-

513 386 632 416 sum.

681 448 708 479 C
745 447 777 480 O
814 448 848 480 N
889 446 921 479 G
957 449 989 481 R
1025 449 1046 480 1
1082 448 1139 482 0¹..

262 519 333 564 Ita
354 533 433 563 me
457 517 582 563 bene
612 528 737 563 amet
757 517 966 564 Laverna
984 553 998 576 ,
1024 529 1073 563 te
1084 517 1210 581 jam,
1231 519 1319 566 nisi
1337 519 1477 566 reddi

263 592 384 637 Mihi
414 608 518 637 vasa
541 590 679 654 jubes
694 625 706 648 ,
728 591 898 652 pipulo
922 591 998 637 hic
1020 591 1231 637 differam
1255 604 1363 639 ante
1385 594 1534 642 aedis„

265 663 402 733 Quid
426 679 513 727 ego
543 679 675 708 nunc
703 664 870 726 agam?
894 680 983 710 nae
1003 680 1090 728 ego
1119 663 1293 727 edepol
1312 665 1423 712 veni
1446 665 1546 710 huc

516 734 722 796 auspicio
754 736 896 780 malo.

265 806 482 854 Nummo
505 824 610 853 sum
634 806 920 855 conductus:
952 809 1059 870 plus
1075 808 1177 874 jam
1205 809 1393 858 medico
1424 825 1546 856 met-

520 879 635 926 cede
657 897 778 947 opu}
802 892 883 926 est.
1459 878 1464 882 ’

592 1015 976 1064 SCENA
1055 1018 1218 1065 III..

445 1141 861 1178 EUCLIO..
924 1139 1386 1177 CONGRIO.

707 1251 1079 1285 EUCLIO.

273 1306 381 1420 H
402 1384 433 1416 ο
451 1383 477 1415 c
520 1369 721 1430 quidem
757 1369 913 1414 hercle
931 1402 944 1423 ‚
977 1382 1182 1427 quoquo
1211 1365 1321 1422 ibo,
1353 1365 1546 1410 meeum

526 1443 611 1488 erit
631 1478 643 1499 ‚
668 1458 860 1488 mecum
894 1441 1069 1486 feram:

272 1518 445 1579 Neque
469 1516 587 1562 istuc
618 1515 668 1562 in
700 1516 840 1562 tantis
870 1514 1050 1576 periclis
1081 1528 1318 1574 umquam
1348 1511 1551 1560 conmitt-

527 1599 626 1634 tam
649 1599 705 1634 ut
727 1588 825 1633 siet.
1196 1636 1197 1639 Ἴ

277 1651 490 1708 I'te'sane
523 1677 655 1706 nunc
691 1662 793 1724 jam
826 1661 952 1706 intro
994 1674 1185 1717 omnes,
1220 1669 1269 1703 et
1295 1655 1475 1718 coqui,
1507 1665 1555 1699 et

528 1734 762 1780 tibicinae.

276 1810 434 1858 Etiam
460 1810 559 1854 huc
587 1806 867 1867 introduce,
898 1805 936 1850 si
964 1805 1060 1862 vis,
1090 1805 1168 1851 vel
1198 1819 1387 1867 gregem
1413 1814 1554 1847 vena-

529 1880 663 1925 lium.

280 1957 512 2019 Coquite,
559 1955 695 2000 facite
713 1988 726 2011 ‚
762 1952 973 1999 festinate
1010 1967 1142 1997 nunc
1185 1951 1280 1996 i'am
1320 1956 1554 2009 quantum

530 2028 680 2077 lubet.

697 2105 724 2137 c
762 2105 794 2137 o
829 2103 864 2136 N
901 2099 933 2134 G
968 2101 1001 2134 R
1036 2101 1056 2133 1
1093 2100 1141 2133 o.

283 2167 536 2230 Temperi:
571 2174 829 2227 postquam
865 2159 1100 2224 inplevisti
1131 2156 1329 2207 fustibus
1360 2155 1556 2200 istorum

538 2247 693 2299 caput.

746 2314 777 2346 E
814 2313 849 2346 U
885 2313 911 2344 c
948 2312 978 2343 1.
1012 2310 1033 2341 1
1069 2309 1116 2341 0.

285 2375 418 2421 Intro
449 2377 555 2426 abi3
593 2392 735 2436 opera
766 2375 863 2421 huc
893 2370 1131 2419 conducta·
1160 2367 1212 2412 ’st
1239 2373 1420 2421 vostra,
1451 2377 1557 2408 non

544 2459 703 2493 oratio.
