<?xml version="1.0" encoding="UTF-8"?>
<!DOCTYPE html PUBLIC "-//W3C//DTD XHTML 1.0 Transitional//EN"
    "http://www.w3.org/TR/xhtml1/DTD/xhtml1-transitional.dtd">
<html xmlns="http://www.w3.org/1999/xhtml" xml:lang="en" lang="en">
 <head>
  <title>
</title>
<meta http-equiv="Content-Type" content="text/html;charset=utf-8" />
  <meta name='ocr-system' content='tesseract 3.04.00' />
  <meta name='ocr-capabilities' content='ocr_page ocr_carea ocr_par ocr_line ocrx_word'/>
</head>
<body>
  <div class='ocr_page' id='page_1' title='image "./comoediaesuperst01plauuoft_0607.png"; bbox 0 0 1650 2826; ppageno 0'>
   <div class='ocr_carea' id='block_1_1' title="bbox 1294 210 1382 255">
    <p class='ocr_par' dir='ltr' id='par_1_1' title="bbox 1294 210 1382 255">
     <span class='ocr_line' id='line_1_1' title="bbox 1294 210 1382 255; baseline 0.034 -3"><span class='ocrx_word' id='word_1_1' title='bbox 1294 210 1382 255; x_wconf 79' lang='lat'><em>553</em></span> 
     </span>
    </p>
   </div>
   <div class='ocr_carea' id='block_1_2' title="bbox 300 377 1193 428">
    <p class='ocr_par' dir='ltr' id='par_1_2' title="bbox 300 377 1193 428">
     <span class='ocr_line' id='line_1_2' title="bbox 300 377 1193 428; baseline -0.003 0"><span class='ocrx_word' id='word_1_2' title='bbox 300 377 1193 428; x_wconf 86' lang='lat' dir='ltr'>ARGUMENTUM</span> 
     </span>
    </p>
   </div>
   <div class='ocr_carea' id='block_1_3' title="bbox 403 472 1082 574">
    <p class='ocr_par' dir='ltr' id='par_1_3' title="bbox 403 472 1082 574">
     <span class='ocr_line' id='line_1_3' title="bbox 403 472 1082 574; baseline 0.003 -17"><span class='ocrx_word' id='word_1_3' title='bbox 403 472 501 573; x_wconf 56' lang='lat' dir='ltr'><em>(&#39;Ut</em></span> <span class='ocrx_word' id='word_1_4' title='bbox 541 510 827 572; x_wconf 86' lang='lat' dir='ltr'><em>quibusdam</em></span> <span class='ocrx_word' id='word_1_5' title='bbox 861 509 1082 574; x_wconf 87' lang='lat' dir='ltr'><em>videtur)</em></span> 
     </span>
    </p>
   </div>
   <div class='ocr_carea' id='block_1_4' title="bbox 496 643 985 686">
    <p class='ocr_par' dir='ltr' id='par_1_4' title="bbox 496 643 985 686">
     <span class='ocr_line' id='line_1_4' title="bbox 496 643 985 686; baseline 0.004 -2"><span class='ocrx_word' id='word_1_6' title='bbox 496 643 985 686; x_wconf 87' lang='lat' dir='ltr'>PRISCIANI.</span> 
     </span>
    </p>
   </div>
   <div class='ocr_carea' id='block_1_5' title="bbox 106 774 1310 1558">
    <p class='ocr_par' dir='ltr' id='par_1_5' title="bbox 106 774 1310 1137">
     <span class='ocr_line' id='line_1_5' title="bbox 178 774 1310 849; baseline 0.005 -29"><span class='ocrx_word' id='word_1_7' title='bbox 178 774 527 822; x_wconf 81' lang='lat' dir='ltr'><strong><em>COMPRIMIT</em></strong></span> <span class='ocrx_word' id='word_1_8' title='bbox 557 774 792 819; x_wconf 85' lang='lat' dir='ltr'><em>adolescens</em></span> <span class='ocrx_word' id='word_1_9' title='bbox 815 775 1016 821; x_wconf 90' lang='lat' dir='ltr'><em>Lemnius</em></span> <span class='ocrx_word' id='word_1_10' title='bbox 1042 777 1310 849; x_wconf 71' lang='lat' dir='ltr'><em>Sicyonium,</em></span> 
     </span>
     <span class='ocr_line' id='line_1_6' title="bbox 106 853 1294 921; baseline 0.003 -21"><span class='ocrx_word' id='word_1_11' title='bbox 106 855 155 900; x_wconf 89' lang='lat' dir='ltr'><em>Is</em></span> <span class='ocrx_word' id='word_1_12' title='bbox 182 853 295 899; x_wconf 85' lang='lat' dir='ltr'><em>redit</em></span> <span class='ocrx_word' id='word_1_13' title='bbox 322 855 366 898; x_wconf 90' lang='lat' dir='ltr'><em>in</em></span> <span class='ocrx_word' id='word_1_14' title='bbox 391 854 614 917; x_wconf 78' lang='lat' dir='ltr'><em>patriam,</em></span> <span class='ocrx_word' id='word_1_15' title='bbox 639 863 682 896; x_wconf 88' lang='lat' dir='ltr'><em>et</em></span> <span class='ocrx_word' id='word_1_16' title='bbox 702 865 887 912; x_wconf 87' lang='lat' dir='ltr'><em>gnatam</em></span> <span class='ocrx_word' id='word_1_17' title='bbox 912 867 1096 914; x_wconf 87' lang='lat' dir='ltr'><em>generat</em></span> <span class='ocrx_word' id='word_1_18' title='bbox 1121 859 1294 921; x_wconf 80' lang='lat' dir='ltr'><em>nuptiis.</em></span> 
     </span>
     <span class='ocr_line' id='line_1_7' title="bbox 107 931 1179 996; baseline 0 -19"><span class='ocrx_word' id='word_1_19' title='bbox 107 933 306 995; x_wconf 80' lang='lat' dir='ltr'><em>Sicyonia</em></span> <span class='ocrx_word' id='word_1_20' title='bbox 334 949 459 994; x_wconf 85' lang='lat' dir='ltr'><em>aeque</em></span> <span class='ocrx_word' id='word_1_21' title='bbox 481 933 604 996; x_wconf 86' lang='lat' dir='ltr'><em>parit</em></span> <span class='ocrx_word' id='word_1_22' title='bbox 624 932 829 995; x_wconf 85' lang='lat' dir='ltr'><em>puellam.</em></span> <span class='ocrx_word' id='word_1_23' title='bbox 864 931 973 976; x_wconf 73' lang='lat' dir='ltr'><em>lianc</em></span> <span class='ocrx_word' id='word_1_24' title='bbox 993 934 1179 979; x_wconf 81' lang='lat' dir='ltr'><em>servolus</em></span> 
     </span>
     <span class='ocr_line' id='line_1_8' title="bbox 113 1007 1226 1075; baseline 0.002 -20"><span class='ocrx_word' id='word_1_25' title='bbox 113 1007 275 1057; x_wconf 83' lang='lat' dir='ltr'><em>Tollit,</em></span> <span class='ocrx_word' id='word_1_26' title='bbox 308 1020 432 1071; x_wconf 82' lang='lat' dir='ltr'><em>atque</em></span> <span class='ocrx_word' id='word_1_27' title='bbox 462 1010 659 1072; x_wconf 81' lang='lat' dir='ltr'><em>exponit,</em></span> <span class='ocrx_word' id='word_1_28' title='bbox 690 1019 731 1052; x_wconf 82' lang='lat' dir='ltr'><em>et</em></span> <span class='ocrx_word' id='word_1_29' title='bbox 753 1025 805 1053; x_wconf 87' lang='lat' dir='ltr'><em>ex</em></span> <span class='ocrx_word' id='word_1_30' title='bbox 832 1009 997 1054; x_wconf 84' lang='lat' dir='ltr'><em>insidiis</em></span> <span class='ocrx_word' id='word_1_31' title='bbox 1026 1023 1226 1075; x_wconf 89' lang='lat' dir='ltr'><em>aucupat.</em></span> 
     </span>
     <span class='ocr_line' id='line_1_9' title="bbox 110 1089 1005 1137; baseline -0.001 -2"><span class='ocrx_word' id='word_1_32' title='bbox 110 1090 220 1137; x_wconf 90' lang='lat' dir='ltr'><em>Eam</em></span> <span class='ocrx_word' id='word_1_33' title='bbox 248 1091 462 1136; x_wconf 85' lang='lat' dir='ltr'><em>sublatam</em></span> <span class='ocrx_word' id='word_1_34' title='bbox 494 1091 699 1133; x_wconf 83' lang='lat' dir='ltr'><em>meretrix</em></span> <span class='ocrx_word' id='word_1_35' title='bbox 734 1089 811 1133; x_wconf 88' lang='lat' dir='ltr'><em>alii</em></span> <span class='ocrx_word' id='word_1_36' title='bbox 841 1089 1005 1134; x_wconf 85' lang='lat' dir='ltr'><em>detulit.</em></span> 
     </span>
    </p>

    <p class='ocr_par' dir='ltr' id='par_1_6' title="bbox 108 1169 1282 1395">
     <span class='ocr_line' id='line_1_10' title="bbox 108 1169 1282 1237; baseline 0.008 -23"><span class='ocrx_word' id='word_1_37' title='bbox 108 1170 262 1214; x_wconf 88' lang='lat' dir='ltr'><em>Lemno</em></span> <span class='ocrx_word' id='word_1_38' title='bbox 287 1181 387 1233; x_wconf 87' lang='lat' dir='ltr'><em>post</em></span> <span class='ocrx_word' id='word_1_39' title='bbox 417 1169 579 1213; x_wconf 85' lang='lat' dir='ltr'><em>rediens</em></span> <span class='ocrx_word' id='word_1_40' title='bbox 615 1169 759 1217; x_wconf 82' lang='lat' dir='ltr'><em>ducit,</em></span> <span class='ocrx_word' id='word_1_41' title='bbox 794 1188 920 1232; x_wconf 81' lang='lat' dir='ltr'><em>quam</em></span> <span class='ocrx_word' id='word_1_42' title='bbox 951 1188 1282 1237; x_wconf 71' lang='lat' dir='ltr'><em>compresserat,</em></span> 
     </span>
     <span class='ocr_line' id='line_1_11' title="bbox 112 1249 1107 1313; baseline 0.003 -17"><span class='ocrx_word' id='word_1_43' title='bbox 112 1251 340 1312; x_wconf 84' lang='lat' dir='ltr'><em>Lemnique</em></span> <span class='ocrx_word' id='word_1_44' title='bbox 373 1261 522 1294; x_wconf 90' lang='lat' dir='ltr'><em>natam</em></span> <span class='ocrx_word' id='word_1_45' title='bbox 557 1249 774 1313; x_wconf 76' lang='lat' dir='ltr'><em>despondit</em></span> <span class='ocrx_word' id='word_1_46' title='bbox 801 1251 1107 1299; x_wconf 89' lang='lat' dir='ltr'><em>adolescentulo</em></span> 
     </span>
     <span class='ocr_line' id='line_1_12' title="bbox 113 1330 878 1395; baseline 0 -20"><span class='ocrx_word' id='word_1_47' title='bbox 113 1332 268 1375; x_wconf 86' lang='lat' dir='ltr'><em>Amore</em></span> <span class='ocrx_word' id='word_1_48' title='bbox 302 1341 423 1394; x_wconf 86' lang='lat' dir='ltr'><em>capto</em></span> <span class='ocrx_word' id='word_1_49' title='bbox 454 1330 571 1374; x_wconf 88' lang='lat' dir='ltr'><em>illius</em></span> <span class='ocrx_word' id='word_1_50' title='bbox 593 1332 878 1395; x_wconf 82' lang='lat' dir='ltr'><em>projecticiae.</em></span> 
     </span>
    </p>

    <p class='ocr_par' dir='ltr' id='par_1_7' title="bbox 112 1414 1145 1558">
     <span class='ocr_line' id='line_1_13' title="bbox 112 1414 1145 1479; baseline 0 -20"><span class='ocrx_word' id='word_1_51' title='bbox 112 1415 343 1476; x_wconf 84' lang='lat' dir='ltr'><em>Requirens</em></span> <span class='ocrx_word' id='word_1_52' title='bbox 371 1428 510 1459; x_wconf 84' lang='lat' dir='ltr'><em>servos</em></span> <span class='ocrx_word' id='word_1_53' title='bbox 533 1414 716 1476; x_wconf 78' lang='lat' dir='ltr'><em>reperit,</em></span> <span class='ocrx_word' id='word_1_54' title='bbox 743 1430 869 1475; x_wconf 82' lang='lat' dir='ltr'><em>quam</em></span> <span class='ocrx_word' id='word_1_55' title='bbox 892 1417 1145 1479; x_wconf 89' lang='lat' dir='ltr'><em>projecerat.</em></span> 
     </span>
     <span class='ocr_line' id='line_1_14' title="bbox 113 1495 1003 1558; baseline -0.001 -18"><span class='ocrx_word' id='word_1_56' title='bbox 113 1495 264 1558; x_wconf 75' lang='lat' dir='ltr'><em>Itaque</em></span> <span class='ocrx_word' id='word_1_57' title='bbox 292 1495 406 1554; x_wconf 79' lang='lat' dir='ltr'><em>lege,</em></span> <span class='ocrx_word' id='word_1_58' title='bbox 431 1506 473 1539; x_wconf 90' lang='lat' dir='ltr'><em>et</em></span> <span class='ocrx_word' id='word_1_59' title='bbox 502 1495 586 1538; x_wconf 86' lang='lat' dir='ltr'><em>rite</em></span> <span class='ocrx_word' id='word_1_60' title='bbox 622 1495 751 1539; x_wconf 83' lang='lat' dir='ltr'><em>civem</em></span> <span class='ocrx_word' id='word_1_61' title='bbox 787 1496 1003 1554; x_wconf 86' lang='lat' dir='ltr'><em>cognitam</em></span> 
     </span>
    </p>
   </div>
   <div class='ocr_carea' id='block_1_6' title="bbox 114 1573 1115 1676">
    <p class='ocr_par' dir='ltr' id='par_1_8' title="bbox 114 1573 1115 1676">
     <span class='ocr_line' id='line_1_15' title="bbox 114 1573 1115 1639; baseline 0 -20"><span class='ocrx_word' id='word_1_62' title='bbox 114 1573 481 1621; x_wconf 79' lang='lat' dir='ltr'><em>Alcesimarchus,</em></span> <span class='ocrx_word' id='word_1_63' title='bbox 510 1586 561 1618; x_wconf 89' lang='lat' dir='ltr'><em>ut</em></span> <span class='ocrx_word' id='word_1_64' title='bbox 594 1586 688 1620; x_wconf 92' lang='lat' dir='ltr'><em>erat</em></span> <span class='ocrx_word' id='word_1_65' title='bbox 711 1586 892 1624; x_wconf 80' lang='lat' dir='ltr'><em>nactus,</em></span> <span class='ocrx_word' id='word_1_66' title='bbox 915 1576 1115 1639; x_wconf 85' lang='lat' dir='ltr'><em>possidet.</em></span> 
     </span>
     <span class='ocr_line' id='line_1_16' title="bbox 469 1648 499 1676; baseline -0.067 1"><span class='ocrx_word' id='word_1_67' title='bbox 469 1648 499 1676; x_wconf 64' lang='lat' dir='ltr'><em>f</em></span> 
     </span>
    </p>
   </div>
   <div class='ocr_carea' id='block_1_7' title="bbox 177 1727 1325 1792">
    <p class='ocr_par' dir='ltr' id='par_1_9' title="bbox 177 1727 1325 1792">
     <span class='ocr_line' id='line_1_17' title="bbox 177 1727 1325 1792; baseline 0.002 -3"><span class='ocrx_word' id='word_1_68' title='bbox 177 1727 505 1790; x_wconf 89' lang='lat' dir='ltr'><strong>ALIUD</strong></span> <span class='ocrx_word' id='word_1_69' title='bbox 581 1743 1325 1792; x_wconf 85' lang='lat' dir='ltr'><strong>ARGUMENTUM</strong></span> 
     </span>
    </p>
   </div>
   <div class='ocr_carea' id='block_1_8' title="bbox 468 1854 1010 1941">
    <p class='ocr_par' dir='ltr' id='par_1_10' title="bbox 468 1854 1010 1941">
     <span class='ocr_line' id='line_1_18' title="bbox 468 1854 1010 1941; baseline -0.002 -19"><span class='ocrx_word' id='word_1_70' title='bbox 468 1854 1010 1941; x_wconf 27' lang='lat' dir='ltr'>&#39;CAMERARIL</span> 
     </span>
    </p>
   </div>
   <div class='ocr_carea' id='block_1_9' title="bbox 120 2012 1389 2321">
    <p class='ocr_par' dir='ltr' id='par_1_11' title="bbox 120 2012 1389 2321">
     <span class='ocr_line' id='line_1_19' title="bbox 184 2012 1389 2079; baseline 0.002 -20"><span class='ocrx_word' id='word_1_71' title='bbox 184 2012 406 2059; x_wconf 86' lang='lat' dir='ltr'><strong><em>NOMEN</em></strong></span> <span class='ocrx_word' id='word_1_72' title='bbox 446 2013 570 2058; x_wconf 77' lang='lat' dir='ltr'><em>habet</em></span> <span class='ocrx_word' id='word_1_73' title='bbox 588 2014 751 2077; x_wconf 84' lang='lat' dir='ltr'><em>fabula</em></span> <span class='ocrx_word' id='word_1_74' title='bbox 783 2033 810 2059; x_wconf 92' lang='lat' dir='ltr'><em>a</em></span> <span class='ocrx_word' id='word_1_75' title='bbox 839 2017 1032 2062; x_wconf 75' lang='lat' dir='ltr'><em>cistella,</em></span> <span class='ocrx_word' id='word_1_76' title='bbox 1064 2033 1190 2079; x_wconf 81' lang='lat' dir='ltr'><em>quam</em></span> <span class='ocrx_word' id='word_1_77' title='bbox 1226 2018 1389 2062; x_wconf 81' lang='lat' dir='ltr'><em>amittit</em></span> 
     </span>
     <span class='ocr_line' id='line_1_20' title="bbox 120 2092 1387 2162; baseline 0.005 -26"><span class='ocrx_word' id='word_1_78' title='bbox 120 2093 164 2136; x_wconf 87' lang='lat' dir='ltr'><em>in</em></span> <span class='ocrx_word' id='word_1_79' title='bbox 198 2092 277 2136; x_wconf 83' lang='lat' dir='ltr'><em>lzac</em></span> <span class='ocrx_word' id='word_1_80' title='bbox 305 2093 492 2140; x_wconf 84' lang='lat' dir='ltr'><em>ancilla,</em></span> <span class='ocrx_word' id='word_1_81' title='bbox 525 2106 567 2140; x_wconf 88' lang='lat' dir='ltr'><em>et</em></span> <span class='ocrx_word' id='word_1_82' title='bbox 595 2096 752 2157; x_wconf 84' lang='lat' dir='ltr'><em>reperit</em></span> <span class='ocrx_word' id='word_1_83' title='bbox 779 2096 959 2143; x_wconf 80' lang='lat' dir='ltr'><em>mulier,</em></span> <span class='ocrx_word' id='word_1_84' title='bbox 984 2109 1122 2140; x_wconf 84' lang='lat' dir='ltr'><em>mater</em></span> <span class='ocrx_word' id='word_1_85' title='bbox 1151 2099 1239 2162; x_wconf 84' lang='lat' dir='ltr'><em>ejus</em></span> <span class='ocrx_word' id='word_1_86' title='bbox 1264 2097 1387 2160; x_wconf 86' lang='lat' dir='ltr'><em>puel-</em></span> 
     </span>
     <span class='ocr_line' id='line_1_21' title="bbox 123 2172 1388 2240; baseline 0.006 -24"><span class='ocrx_word' id='word_1_87' title='bbox 123 2172 214 2220; x_wconf 79' lang='lat' dir='ltr'><em>lae,</em></span> <span class='ocrx_word' id='word_1_88' title='bbox 240 2175 358 2238; x_wconf 89' lang='lat' dir='ltr'><em>cujus</em></span> <span class='ocrx_word' id='word_1_89' title='bbox 389 2177 432 2219; x_wconf 90' lang='lat' dir='ltr'><em>in</em></span> <span class='ocrx_word' id='word_1_90' title='bbox 462 2176 540 2220; x_wconf 92' lang='lat' dir='ltr'><em>illa</em></span> <span class='ocrx_word' id='word_1_91' title='bbox 571 2177 798 2239; x_wconf 81' lang='lat' dir='ltr'><em>crepundia</em></span> <span class='ocrx_word' id='word_1_92' title='bbox 826 2179 1007 2222; x_wconf 77' lang='lat' dir='ltr'><em>inerant,</em></span> <span class='ocrx_word' id='word_1_93' title='bbox 1036 2178 1111 2223; x_wconf 87' lang='lat' dir='ltr'><em>Ita</em></span> <span class='ocrx_word' id='word_1_94' title='bbox 1141 2182 1388 2240; x_wconf 86' lang='lat' dir='ltr'><em>agnoscitur</em></span> 
     </span>
     <span class='ocr_line' id='line_1_22' title="bbox 123 2253 1387 2321; baseline 0.009 -26"><span class='ocrx_word' id='word_1_95' title='bbox 123 2254 262 2297; x_wconf 87' lang='lat' dir='ltr'><em>amica</em></span> <span class='ocrx_word' id='word_1_96' title='bbox 295 2253 590 2303; x_wconf 80' lang='lat' dir='ltr'><em>adolescentis.</em></span> <span class='ocrx_word' id='word_1_97' title='bbox 628 2269 670 2302; x_wconf 86' lang='lat' dir='ltr'><em>et</em></span> <span class='ocrx_word' id='word_1_98' title='bbox 700 2259 767 2303; x_wconf 89' lang='lat' dir='ltr'><em>illi</em></span> <span class='ocrx_word' id='word_1_99' title='bbox 795 2260 927 2304; x_wconf 85' lang='lat' dir='ltr'><em>nubit.</em></span> <span class='ocrx_word' id='word_1_100' title='bbox 978 2260 1289 2321; x_wconf 83' lang='lat' dir='ltr'><em>Argumentum</em></span> <span class='ocrx_word' id='word_1_101' title='bbox 1324 2275 1387 2307; x_wconf 79' lang='lat' dir='ltr'><em>est</em></span> 
     </span>
    </p>
   </div>
   <div class='ocr_carea' id='block_1_10' title="bbox 121 2334 1385 2461">
    <p class='ocr_par' dir='ltr' id='par_1_12' title="bbox 121 2334 1385 2461">
     <span class='ocr_line' id='line_1_23' title="bbox 121 2334 1385 2397; baseline 0.009 -21"><span class='ocrx_word' id='word_1_102' title='bbox 121 2334 300 2397; x_wconf 85' lang='lat' dir='ltr'><em>simplex</em></span> <span class='ocrx_word' id='word_1_103' title='bbox 331 2347 373 2380; x_wconf 88' lang='lat' dir='ltr'><em>et</em></span> <span class='ocrx_word' id='word_1_104' title='bbox 400 2337 622 2384; x_wconf 87' lang='lat' dir='ltr'><em>admodum</em></span> <span class='ocrx_word' id='word_1_105' title='bbox 657 2351 790 2387; x_wconf 87' lang='lat' dir='ltr'><em>tenue.</em></span> <span class='ocrx_word' id='word_1_106' title='bbox 835 2341 1029 2388; x_wconf 87' lang='lat' dir='ltr'><em>Insertus</em></span> <span class='ocrx_word' id='word_1_107' title='bbox 1061 2355 1125 2390; x_wconf 82' lang='lat' dir='ltr'><em>est</em></span> <span class='ocrx_word' id='word_1_108' title='bbox 1154 2356 1290 2389; x_wconf 83' lang='lat' dir='ltr'><em>motus</em></span> <span class='ocrx_word' id='word_1_109' title='bbox 1318 2346 1385 2388; x_wconf 84' lang='lat' dir='ltr'><em>in-</em></span> 
     </span>
     <span class='ocr_line' id='line_1_24' title="bbox 122 2415 418 2461; baseline 0.017 -5"><span class='ocrx_word' id='word_1_110' title='bbox 122 2415 221 2458; x_wconf 84' lang='lat' dir='ltr'><em>sani</em></span> <span class='ocrx_word' id='word_1_111' title='bbox 252 2418 418 2461; x_wconf 89' lang='lat' dir='ltr'><em>amoris.</em></span> 
     </span>
    </p>
   </div>
  </div>
 </body>
</html>
