1650 2826
264 172 369 208 XVI

265 671 387 716 1522

561 162 623 207 M.
690 161 892 231 ACQCJ
949 161 1276 209 PLAUTI

455 285 535 333 que
549 269 589 316 V
585 272 732 315 enetiis
738 289 817 335 per
833 272 888 316 M
885 271 1105 316 elclziorem
1120 271 1288 317 Sessam
1307 281 1350 316 et
1359 270 1541 318 Petrum

458 335 508 379 de
519 337 738 381 Ravannis
751 338 904 384 socios,
929 337 1062 393 1518.
1079 336 1118 380 d.
1137 350 1153 379 1
1166 351 1188 381 Q
1207 337 1320 396 Aug.
1340 363 1383 370 --
1405 336 1543 383 Hanc

457 399 719 444 editionem
743 400 919 446 curavit
931 401 1073 446 Lucas
1091 400 1373 445 Olclziniensis
1392 401 1544 446 Cano*

452 464 596 509 nicus.
629 463 737 521 vid.
764 464 887 510 Brix.
920 465 1039 510 liter.
1070 463 1262 533 Quirini
1288 464 1339 510 P.
1365 465 1387 510 I
1403 500 1414 521 ,
1436 481 1546 529 pag.

457 543 518 589 39
543 545 607 588 sq.
633 529 860 575 etGoetz.
889 529 940 574 in
967 529 1110 575 Mem.
1140 528 1260 575 Bibl.
1288 528 1455 575 Dresd.
1487 531 1540 588 l,

453 609 556 656 pag.
588 593 662 652 96.
821 660 829 668 ¹

463 658 499 703 V
498 670 643 706 enecet,
662 674 702 717 4.
725 658 886 704 Aldina
905 658 962 703 II.
978 658 1050 704 Ex
1066 659 1220 704 Plauti
1239 658 1424 704 Comoed.
1439 657 1537 703 XX.

451 739 632 786 quarum
657 725 849 768 carmina
870 740 1031 784 magna
1063 741 1115 769 ex
1132 736 1261 787 parte
1279 726 1323 769 in
1347 739 1541 768 mensum

454 805 579 833 suum
609 789 813 833 restituta
828 800 939 834 sunt.
964 788 1165 837 Venetiis,
1187 790 1230 833 in
1248 788 1419 834 aedibus
1435 788 1541 834 Aldz·

456 864 500 897 et
528 852 723 897 Andreae
753 853 939 898 Asulani
969 855 1120 901 soceri.
1151 869 1290 898 mense
1312 851 1451 912 Julio.
1470 877 1540 886 ---

453 917 640 962 Praeter
656 932 824 963 vanam
841 917 961 963 hanc
978 917 1027 963 in
1045 917 1187 963 titulo
1200 917 1506 980 jactationem
1521 950 1540 974 ,

455 981 719 1026 Franciscus
753 980 983 1027 Asulanus
1019 982 1069 1027 in
1109 980 1394 1043 praefatione
1421 997 1537 1042 pro-

451 1045 636 1102 fitetur,
671 1062 717 1090 se
750 1048 991 1107 exemplar
1024 1046 1084 1092 ab
1108 1046 1233 1092 Aldo
1270 1056 1317 1091 et
1342 1046 1539 1091 Erasmo

384 1121 399 1140 ⁸*
452 1110 723 1173 castigatum
739 1111 1043 1174 typographis
1054 1110 1421 1156 exscribendum
1433 1126 1538 1171 pro-

262 1512 383 1559 1523

450 1176 668 1236 posuisse.
715 1174 808 1221 Sed
841 1187 888 1221 et
914 1177 1026 1222 haec
1057 1175 1281 1238 professio
1315 1185 1383 1221 est
1415 1174 1537 1230 falsa.

450 1239 500 1285 N
500 1239 828 1297 arnJuntinarn
844 1241 1014 1301 repetit
1023 1275 1037 1297 ‚
1050 1252 1096 1287 et
1106 1240 1418 1286 correctiones
1426 1238 1537 1287 Aldi

455 1315 502 1350 et
519 1305 692 1350 Erasmi
709 1305 770 1353 ad
790 1305 901 1351 vitia
928 1305 1260 1369 typographica
1281 1304 1536 1365 pertinent.

450 1368 495 1415 F
491 1370 603 1414 loren
611 1372 710 1417 tiae,
729 1371 770 1414 8.
788 1370 860 1415 Ex
875 1386 965 1416 rec.
983 1368 1178 1433 Angelii.
1194 1369 1249 1416 cf.
1263 1369 1403 1416 Catal.
1414 1368 1534 1414 Bibl.

453 1433 723 1496 Bigotianae
739 1451 786 1495 p.
806 1450 898 1494 204.
914 1468 928 1492 ,
951 1451 996 1480 n.
1021 1435 1161 1493 5065.

451 1499 678 1547 Basileae,
701 1500 741 1544 8.
767 1499 827 1544 M.
848 1500 1002 1546 Plauti
1021 1499 1264 1546 Comoediae
1281 1497 1372 1543 XX
1385 1515 1438 1544 ex
1459 1515 1536 1544 an«

453 1565 583 1626 tiquis
613 1564 991 1627 recentioribusque
1019 1563 1328 1628 exemplaribus
1356 1564 1536 1609 invicem

449 1629 648 1677 collatis.
686 1629 1008 1690 diligentissime
1041 1630 1313 1690 recognitae.-
1353 1644 1535 1690 quarum

452 1695 675 1739 carmina,
706 1710 869 1753 magna
895 1711 947 1738 ex
970 1706 1099 1756 parte
1126 1696 1170 1738 in
1195 1709 1386 1737 mensum
1408 1708 1534 1738 suum

450 1758 655 1802 restituta
672 1768 784 1801 sunt.
811 1757 951 1802 Index
968 1758 1214 1804 verborum.
1240 1756 1388 1818 quibus
1398 1756 1536 1820 paulo

452 1821 780 1866 abstrusioribus
795 1819 982 1866 Plautus
997 1823 1147 1865 utitur.
1164 1821 1433 1880 Argumenta
1445 1821 1534 1865 sin-

448 1885 658 1946 gularum
682 1884 1010 1931 Comoediarum.
1049 1883 1095 1929 T
1089 1885 1247 1930 ralatio
1269 1883 1534 1930 Graecarum

453 1949 697 1995 dictionum.
719 1951 924 1994 Auctoris
939 1951 1032 1996 vita
1059 1949 1148 2010 (ex
1165 1949 1305 1994 Petro
1322 1947 1531 2010 Crinito)

451 2014 654 2060 Basileae
675 2015 755 2059 An.
773 2014 1047 2061 MDXXIII.
1066 2040 1132 2047 ---
1161 2014 1220 2063 In
1245 2013 1365 2058 fine:
1400 2013 1532 2058 Basi«

449 2079 543 2125 leae
570 2080 684 2143 apud
696 2080 805 2124 And.
827 2070 1163 2135 Cratandrum,
1186 2083 1328 2124 mense
1344 2077 1530 2141 Septem-

459 2144 525 2188 bri
540 2146 620 2189 An.
634 2143 905 2190 MDXXIII.
923 2143 1276 2196 Cratandrinam
1295 2143 1416 2188 hanc
1434 2157 1531 2187 esse

452 2224 480 2254 e
497 2207 720 2254 Brixiensi
739 2208 921 2271 Pyladis
935 2242 948 2265 ‚
975 2208 1050 2253 cui
1067 2209 1198 2254 nulla
1222 2207 1336 2253 fides
1353 2207 1436 2262 sit,
1455 2205 1528 2250 di-

451 2275 517 2319 cit
543 2273 898 2319 Taubmannus.
931 2272 1025 2319 Sed
1046 2273 1210 2318 titulus
1233 2273 1372 2318 etiam
1393 2269 1528 2315 Aldi-

451 2355 561 2385 nam
582 2338 840 2383 adhibitam
860 2353 953 2383 esse
976 2335 1152 2396 prodit.
1186 2336 1452 2385 Asservatur
1474 2334 1527 2389 in

451 2403 568 2450 Bibl.
591 2401 935 2465 Archipalatina
952 2401 1222 2449 Man‘hemii.
