1650 2826
251 210 314 254 90
545 187 1223 241 AMPHITRUO.
1436 210 1531 265 η

243 291 532 350 Ἑαόιιῖανὶεν,
551 312 739 346 mutatos
757 301 927 347 Atticos
948 304 990 347 in
1012 302 1204 349 Arcadia
1225 303 1432 354 homines,

249 377 309 426 Et
351 392 500 422 saevas
545 375 687 420 beluas
723 378 1005 426 mansitasse,
1048 394 1123 423 nec
1167 371 1365 442 umquam
1401 379 1547 426 denuo}

494 449 749 513 parentibus

253 522 464 586 Cognitos.

631 627 659 659 Β
696 628 725 660 L
761 628 790 660 E
826 628 854 660 P
891 629 925 661 Η
961 628 995 662 Α
1030 631 1064 663 R
1100 630 1147 663 o.

407 703 532 780 Quid
564 704 696 751 illuc
734 703 902 749 Sosia?
941 721 1105 767 magna
1130 716 1252 754 sunt,
1279 722 1387 769 quae
1423 708 1549 753 mira>

495 777 737 842 praedicas.

247 850 351 896 Ain’
373 861 419 896 tu
440 850 625 896 alterum
644 862 683 896 te
701 852 905 915 reperisse
927 849 1038 896 domi
1056 852 1312 898 consimilem
1331 852 1496 900 Sosiam
1509 853 1549 898 ἓ·

773 963 1024 996 SOSIA.

249 1039 345 1105 Ajo.
377 1038 453 1084 sed
484 1038 586 1084 heus
609 1050 682 1090 tu,
712 1056 832 1102 quom
863 1056 939 1101 ego
963 1040 1157 1089 Sosiam
1189 1041 1545 1106 Amphitruonem

501 1112 783 1176 Amphitruo
805 1114 908 1176 quid
925 1116 1009 1159 scis
1037 1131 1092 1160 an

255 1191 301 1239 Γ
295 1209 324 1238 u
335 1191 462 1256 forte
478 1193 612 1239 alium
637 1195 951 1259 Blepharonem
961 1197 1155 1260 parias?
1186 1213 1209 1242 o
1235 1194 1542 1261 Diifaciant‚‘

505 1279 554 1312 ut
585 1279 631 1313 tu
663 1286 819 1332 quoque

255 1342 458 1391 Concisus
489 1350 685 1411 pugnis,
723 1360 765 1394 et
799 1349 926 1395 illisis
963 1349 1155 1396 olentibus
1176 1385 1192 1399 ,
1231 1349 1279 1395 id
1311 1350 1541 1414 inpransus

429 1454 434 1459 -
506 1424 697 1469 creduas.

249 1502 370 1551 Nam
405 1521 482 1566 ego
517 1507 590 1551 ille
618 1508 730 1552 alter
761 1507 912 1555 Sosia,
941 1509 1014 1570 qui
1043 1507 1135 1553 illic
1164 1523 1284 1555 sum,
1314 1522 1381 1552 me
1412 1507 1552 1552 malis

511 1580 720 1628 mulcavit
752 1581 898 1627 modis.

639 1691 1161 1729 BLEPHARO.

249 1771 369 1819 Mira
386 1772 597 1837 profecto.
633 1775 709 1818 sed
730 1775 898 1855 gradus
919 1775 1114 1821 condecet
1137 1773 1382 1836 grandire:
1409 1789 1550 1824 nam.

422 1868 443 1890 ο
512 1859 562 1892 ut
591 1847 743 1895 vi‚deo

249 1925 488 1993 Exspectat
501 1928 777 1993 Amphitruo
794 1940 836 1974 et
849 1946 1011 1975 vacuus
1028 1931 1136 1976 mihi
1149 1941 1295 1978 venter
1311 1930 1509 1993 crepitat.

597 2043 632 2076 A
668 2041 712 2075 M
749 2043 777 2076 P
815 2043 850 2076 H
885 2044 906 2076 I
943 2044 975 2077 Τ
1011 2047 1045 2080 R
1079 2046 1115 2079 U
1151 2046 1200 2080 Ο.

1190 2104 1252 2150 Et
1273 2105 1378 2168 quid
1398 2105 1546 2150 aliena·

251 2178 483 2224 Fabulor?
514 2181 558 2224 in
597 2189 739 2236 nostro
769 2178 870 2223 olim
905 2176 1104 2225 Thebano
1133 2195 1289 2241 genere
1309 2178 1540 2242 plusquam

508 2255 623 2299 mira
644 2263 891 2298 memorant.

251 2329 547 2392 Martigenam
581 2331 653 2376 ille
681 2347 911 2392 aggressus
935 2329 1098 2376 beluam
1131 2345 1314 2390 magnus
1344 2325 1540 2391 Europae

511 2416 740 2465 quaestor,
771 2404 981 2463 anguineo

255 2483 440 2549 Repente
457 2481 588 2529 lzostzs
596 2494 765 2546 peperit
781 2484 984 2527 seminio:
1003 2492 1045 2527 et
1052 2490 1255 2544 pugnata
1272 2478 1375 2523 illac
1386 2495 1548 2541 pugna
