1650 2826
232 191 328 238 414
547 175 1164 231 CAPTEIVEI.
1395 187 1523 242 v,-18

233 286 376 336 Nunc
406 288 472 336 ita
498 292 726 339 convenit
758 292 881 339 inter
917 310 996 340 me
1023 306 1170 357 atque
1203 297 1364 357 hunc,
1384 298 1521 365 Tyn-

486 361 596 411 dare
615 399 629 423 ‚

230 439 295 485 Ut
314 450 360 485 te
380 450 697 486 aestumatum
718 439 769 487 in
793 440 985 488 Alidem
1011 443 1201 490 mittam
1221 445 1281 491 ad
1305 455 1516 507 patrem:

229 511 300 557 Ac
331 510 366 557 si
401 528 502 558 non
535 513 704 560 rebitas
733 515 860 573 huc,
889 522 945 561 ut
974 516 1144 582 viginti
1175 519 1327 566 minas

229 584 359 631 Dem
388 602 477 648 pro
511 597 572 632 te.

512 677 1225 731 PHILOCRAUT'ES.

639 745 784 792 Recte
816 750 1090 796 convenisse
1123 753 1290 799 sentio.

230 820 356 867 Nam
377 831 511 883 pater
536 829 774 882 exspectat
804 832 887 868 aut
914 839 993 869 me
1009 857 1024 881 ‚
1047 833 1131 871 aut
1157 827 1369 889 aliquem
1388 839 1518 875 nun-

483 905 608 940 tium
628 928 642 951 ‚

228 969 332 1039 Qui
363 968 476 1014 hinc
503 967 564 1013 ad
593 984 640 1012 se
667 963 840 1014 veniat.

594 1058 625 1091 T
665 1060 695 1091 Y
731 1060 765 1092 N
802 1060 837 1092 D
872 1059 906 1092 A
943 1062 976 1094 R
1012 1056 1048 1094 U
1085 1056 1122 1096 S.

679 1172 682 1173 a
746 1123 871 1190 Ergo
900 1123 1118 1176 animum
1140 1127 1354 1182 advortas
1372 1132 1485 1184 voio
1500 1168 1514 1195 ,

230 1202 370 1272 Quae
389 1197 608 1262 nuntiare
622 1195 739 1243 hinc
756 1209 804 1243 te
820 1201 935 1245 volo
953 1194 1003 1245 in
1021 1198 1221 1262 patriam
1239 1200 1300 1251 ad
1316 1200 1514 1273 patrem.

526 1293 1235 1333 PHILOCRATES.

229 1365 512 1411 Philocrates
530 1398 542 1419 ,
573 1373 629 1408 ut
659 1362 816 1408 adhuc
847 1363 1068 1409 locorum
1097 1364 1215 1424 feci,
1246 1367 1412 1414 faciam
1445 1387 1516 1416 se-

485 1433 602 1481 dulo
623 1470 637 1493 ‚
1405 1443 1408 1446 ’

226 1514 292 1561 Ut
330 1511 651 1574 potissumum
690 1503 828 1570 quod
863 1508 914 1554 in
951 1523 1055 1554 rem
1083 1521 1210 1556 recte
1242 1513 1482 1560 conducat

482 1595 615 1629 tuam
637 1618 649 1639 ‚
1356 1584 1358 1586 ’

228 1663 289 1709 Id
320 1671 511 1724 petam,
540 1657 591 1703 id
618 1670 971 1718 persequarque
1001 1656 1144 1702 corde
1178 1669 1225 1703 et
1253 1659 1415 1707 animo
1446 1671 1516 1706 at·-

484 1747 581 1792 que
603 1730 794 1776 viribus.

589 1824 620 1856 T
656 1824 689 1855 Y
728 1825 761 1856 N
799 1824 834 1855 D
873 1824 906 1855 A
944 1825 978 1856 R
1014 1823 1050 1857 U
1086 1822 1124 1857 s.

226 1890 354 1936 Facis
381 1888 445 1933 ita
460 1920 473 1943 ‚
494 1895 551 1930 ut
573 1895 621 1930 te
639 1883 789 1930 facere
814 1894 1018 1945 oportet.
1048 1900 1180 1931 nunc
1199 1885 1416 1934 animum
1435 1885 1513 1932 ad*

487 1969 640 2011 vortas
663 1958 776 2003 volo
798 1977 806 2001 .-

229 2035 470 2083 Omnium
489 2031 703 2093 primum
731 2031 929 2076 salutem
960 2026 1105 2075 dicito
1132 2027 1270 2075 matri
1293 2040 1340 2075 et
1361 2025 1479 2090 patri
1494 2061 1509 2084 ‚

226 2094 287 2155 Et
318 2104 525 2171 cognatis
544 2140 557 2161 ,
583 2115 631 2149 et
652 2103 687 2149 si
710 2119 858 2164 quem
878 2103 1026 2148 alium
1047 2102 1416 2150 benevolentem
1443 2100 1512 2144 vi-

482 2177 628 2225 deris:
1439 2215 1442 2218 ,

227 2254 307 2300 Me
332 2254 409 2298 hic
433 2253 615 2307 valere,
644 2261 691 2296 et
718 2248 992 2310 servitutem
1018 2247 1184 2295 servire
1212 2240 1324 2292 huic
1354 2243 1507 2289 homi-

483 2322 533 2368 ni
567 2335 795 2384 optumo,
846 2359 851 2363 .
1343 2388 1352 2398 ·

227 2398 329 2467 Qui
363 2414 441 2443 me
466 2397 659 2443 ,honore
698 2397 1021 2447 honestiorem
1054 2402 1236 2454 semper
1268 2389 1403 2447 fec1t,
1441 2401 1489 2435 et

479 2468 598 2514 facit.
