1650 2826
494 152 1109 202 EDITIONES.
1362 167 1453 203 νη

376 262 446 309 lit.
466 261 605 308 Rom.
624 261 672 306 P.
694 262 717 306 Ι
732 294 746 318 ,
762 276 865 325 pag.
885 275 987 320 204.
1015 260 1125 306 Fuit
1138 260 1191 306 in
1212 260 1326 307 bibl.
1346 261 1452 307 Du-

375 327 439 372 cis
463 326 523 372 de
548 327 591 372 la
610 325 808 372 Valliere
823 360 838 383 ‚
867 336 984 371 teste
1011 324 1072 371 de
1090 325 1211 371 Bure
1237 326 1286 371 in
1309 327 1451 372 Catal.

375 389 427 436 P.
445 392 467 436 Ι
485 391 624 437 Tom.
636 391 682 436 11
699 390 846 437 Belles
861 390 1039 436 Lettres
1054 408 1101 453 p.
1123 405 1139 435 1
1156 406 1208 449 15
1229 407 1275 436 n.
1296 407 1320 439 2
1329 391 1420 450 564
1437 409 1449 441 ;

375 466 424 501 et
441 467 508 502 est
526 456 576 501 in
600 455 719 501 bibl.
737 455 951 501 illustriss.
970 455 1104 501 Com.
1122 456 1324 518 Reviczy
1352 465 1454 501 em·-

373 531 422 566 ta
451 521 604 581 pretio
636 536 687 583 13
732 520 958 566 librarum
981 518 1196 584 Sterling.
1224 519 1295 567 Cf.
1330 537 1453 580 quae

377 585 441 630 de
460 585 803 631 adnotamentis
825 602 852 630 a
870 584 1050 631 Merula
1071 586 1305 646 promissis
1335 584 1454 630 infra

377 649 656 696 adnotamus
687 649 747 695 ad
777 648 848 695 ed.
878 667 909 696 s.
934 649 963 695 L
989 659 1038 695 et
1066 666 1105 695 a.
1131 661 1240 712 post
1269 650 1341 696 ed.
1366 649 1456 695 Be-

374 714 520 760 roald.
549 731 684 775 1503.
1306 729 1311 733 ·

183 778 311 839 &1482
386 779 431 825 T
426 782 575 826 arvisii
583 815 597 829 ,
627 780 704 826 fol.
722 779 931 825 Merulae
948 779 1021 837 II,
1046 779 1123 825 die
1148 794 1203 826 αι
1219 779 1350 837 Junii
1374 794 1458 825 ex-

377 859 485 890 cusa
510 861 597 906 per
623 845 811 890 Paulum
832 846 881 890 de
896 843 1102 891 Ferraria
1132 856 1180 890 et
1204 844 1458 906 Dionysium

304 905 306 907 ’
377 909 429 954 de
442 909 647 955 Bononia.
665 910 901 970 Repetitio
919 909 1140 954 editionis
1164 923 1302 968 1472,
1316 909 1357 967 J.
1372 909 1459 956 Ph.

380 973 524 1019 Pareo
553 974 675 1020 inter
711 973 819 1020 edd.
843 973 1076 1020 Plautinas
1096 985 1370 1020 memorata.
1398 972 1457 1020 cf.

379 1037 440 1084 de
462 1037 583 1084 Bure
603 1041 634 1085 1.
651 1054 691 1085 c.
707 1053 755 1083 n.
779 1039 917 1098 2565.

190 1126 348 1151 ε--
379 1103 674 1152 Daventriae,
701 1102 782 1149 fol.

194 1182 317 1228 1490
380 1167 707 1214 Mediolanensis
725 1168 762 1227 I,
780 1167 860 1230 fol.
877 1169 1109 1215 Plautinae
1121 1171 1281 1231 viginti
1300 1168 1461 1215 Comae·

384 1233 479 1278 diae
494 1234 594 1278 olim
603 1250 763 1294 magna
777 1251 831 1279 ex
840 1246 967 1298 parte
983 1235 1228 1280 emendatae
1235 1252 1316 1299 per
1330 1234 1461 1279 Geor-

380 1300 504 1360 gium
519 1298 751 1343 Merulam
773 1300 900 1344 Alex.
916 1301 1056 1346 virum
1081 1299 1249 1345 doctiss.
1273 1316 1386 1345 nunc
1403 1304 1462 1344 re-

387 1364 583 1423 cognitae
608 1380 688 1426 per
714 1362 974 1409 Eusebium
1003 1362 1269 1409 Scutarium
1298 1364 1464 1408 Vercel-

387 1427 555 1472 lensem.
596 1429 831 1491 Impressae
854 1427 986 1491 fuere
1018 1430 1061 1472 in
1096 1429 1266 1488 officina
1301 1429 1466 1488 egregii

387 1491 601 1554 Mancipis
621 1491 809 1536 Ulderici
823 1492 1137 1541 Scinzenzeler,
1160 1494 1291 1556 ipsius
1314 1504 1354 1536 et
1370 1510 1465 1536 ma-

386 1557 520 1616 gistri
531 1553 719 1614 Joannis
730 1556 928 1616 Legnani
944 1573 967 1601 o
998 1573 1071 1601 era
1084 1568 1127 1601 et
1138 1557 1356 1620 impendio,
1370 1557 1466 1601 Me·

391 1619 578 1667 diolani,
610 1637 650 1665 a.
677 1618 883 1664 MCCCC
1091 1656 1100 1665 .
1118 1647 1163 1655 --
1191 1621 1302 1666 Non
1336 1637 1467 1666 reco-

391 1683 565 1747 gnitas,
588 1683 670 1729 sed
692 1684 991 1745 interpolatas
1013 1702 1106 1731 esse
1122 1685 1354 1731 Plautinas
1373 1685 1468 1731 Co-

390 1747 597 1794 moedias
625 1748 676 1793 in
707 1749 793 1794 hac
827 1748 1062 1806 editione,
1089 1749 1274 1813 judicat
1303 1750 1468 1796 Taub-

391 1829 593 1859 mannus
610 1813 662 1858 in
684 1812 872 1858 Praefat.
891 1814 953 1859 ad
972 1813 1045 1859 ed.
1071 1831 1203 1860 suam
1226 1815 1279 1860 16
1291 1831 1306 1860 1
1322 1830 1362 1861 2.

207 1891 325 1939 1495
398 1877 555 1923 Veneta
568 1878 630 1934 ΙΙ,
652 1894 692 1935 4.
711 1877 789 1923 die
804 1890 950 1923 XXIII
969 1878 1264 1924 Novembris.
1283 1879 1466 1940 Repeti-

394 1942 462 1987 tio
488 1941 650 2002 prioris
679 1941 884 1987 Scutarii.
911 1941 968 1987 cf.
991 1942 1064 2001 Jo.
1097 1944 1179 1989 Ph.
1197 1945 1395 1989 Pareum
1424 1961 1468 2005 p.

395 2022 443 2063 4,
460 2006 721 2052 Fabricium
735 2040 749 2063 ‚
776 2018 823 2051 et
847 2006 907 2051 de
923 2007 1046 2052 Bure
1063 2025 1108 2068 p.
1134 2023 1151 2052 1
1168 2009 1221 2053 16
1243 2024 1288 2053 n.
1313 2009 1449 2066 «2566.

202 2086 236 2114 s.
275 2084 315 2115 a.
399 2070 570 2118 Veneta,
598 2070 679 2116 fol.
702 2087 815 2116 curn
838 2070 1022 2117 Comm.
1044 2072 1086 2130 J.
1112 2073 1235 2119 Petri
1259 2072 1295 2117 V
1293 2074 1405 2119 allae
1424 2083 1473 2119 et

397 2134 533 2180 Bern.
551 2135 768 2182 Saraceni.

211 2199 329 2258 1498
404 2199 572 2248 Veneta,
589 2199 668 2246 fol.
685 2215 719 2245 c.
736 2216 784 2245 n.
802 2200 925 2245 Petri
939 2199 1096 2247 Vallae
1111 2213 1158 2247 et
1177 2201 1227 2247 B.
1246 2200 1470 2248 Saraceni.

397 2276 686 2310 memoratur
699 2266 746 2310 in
758 2265 853 2310 Cat.
866 2265 982 2310 Bibl.
997 2266 1261 2330 Bigotianae
1278 2268 1471 2327 publice

402 2328 670 2375 divenditae
685 2330 856 2374 Parisiis
879 2331 996 2385 1706
1018 2330 1096 2376 fol.
1108 2349 1156 2392 p.
1174 2348 1199 2388 4
1212 2347 1228 2376 1
1240 2366 1252 2386 ,
1271 2347 1318 2376 n.
1340 2345 1471 2384 1720.

212 2405 334 2454 1499
407 2392 561 2440 Veneta
577 2394 672 2453 ΙΙΙ,
689 2394 768 2441 fol.
797 2395 1030 2443 Plautinae
1049 2398 1207 2458 viginti
1232 2396 1473 2442 Comoediae

1163 2477 1251 2518 a4
