1650 2826
288 193 350 253 98
598 190 1263 254 AMPHITRUO.
1448 208 1562 255 ‘v.8

615 326 627 343 ·
658 317 689 350 B
723 318 754 350 L
788 319 818 351 E
854 320 882 353 P
919 320 953 355 H
987 321 1023 354 A
1058 323 1091 356 R
1127 322 1175 356 O.

1183 390 1302 437 Proh
1329 391 1565 456 Juppiter‚

281 458 406 535 Quid
433 460 645 505 intueor?
670 459 739 506 Izic
760 478 842 507 non
862 475 952 511 est,
978 464 1055 508 sed
1081 462 1153 509 ille
1179 465 1447 529 Amphitruo.
1467 466 1565 510 istic

539 534 579 576 si
597 530 735 596 fuat,

276 604 410 652 Illum
428 622 531 651 sane
550 622 631 652 non
650 623 735 652 esse
754 610 966 672 oportuit,
985 612 1072 656 nisi
1093 612 1260 674 quidem
1277 615 1337 658 sit
1349 615 1562 674 geminus.

667 715 1170 757 JUPPITER,

276 789 436 838 Eccum
456 806 551 835 cum
567 789 835 854 Blepharone
856 790 1035 839 Sosiam.
1061 795 1303 859 conpellabo
1327 795 1399 842 lzos
1421 798 1560 861 prius.
1632 789 1637 800 ’

535 863 684 912 Sosia,

281 936 473 995 Tandem
500 937 560 984 ad
580 940 695 983 nos?
723 939 873 984 esurio.

759 1036 783 1070 s
818 1038 851 1070 o
889 1038 911 1070 s
948 1039 970 1071 1
1005 1039 1053 1071 A.

853 1106 1018 1154 Dixin'
1048 1110 1126 1155 tibi
1154 1111 1265 1157 hanc
1289 1116 1561 1176 veneficum?

612 1207 648 1242 A
684 1208 726 1241 M
765 1209 793 1241 P
829 1209 864 1241 H
899 1210 920 1242 1
958 1209 989 1242 Τ
1025 1211 1058 1244 R
1095 1210 1129 1244 U
1166 1212 1213 1245 Ο.

269 1295 405 1341 Immo
436 1310 512 1355 ego
544 1290 688 1351 hune,
723 1289 916 1336 Thebani
956 1294 1096 1340 cives,
1131 1296 1207 1356 qui
1239 1293 1352 1340 domi
1381 1312 1559 1342 uxorem

530 1382 668 1411 meam

269 1441 469 1508 Inpudici
472 1443 534 1486 tia
551 1441 767 1504 inpetivz't,
774 1456 861 1504 per
874 1456 996 1504 quem
1011 1451 1126 1485 teneo
1145 1440 1389 1487 thesaurum
1403 1446 1554 1508 stupri.

759 1551 782 1584 S
820 1551 853 1584 Ο
890 1551 913 1585 S
950 1550 971 1584 I
1006 1552 1054 1584 A.

267 1626 412 1675 Here,
451 1626 490 1670 si
523 1636 571 1669 tu
606 1640 719 1670 nunc
754 1624 915 1671 esuris,
950 1640 1026 1684 ego
1059 1633 1183 1669 satur
1218 1626 1382 1688 pugnis
1416 1624 1474 1670 ad
1514 1636 1554 1671 te

526 1698 670 1744 volito.

617 1789 651 1820 A
688 1789 730 1821 M
768 1789 796 1821 P
833 1788 867 1821 H
902 1787 931 1836 Ι,
960 1788 990 1820 Τ
1026 1789 1059 1821 R
1095 1787 1131 1819 U
1167 1787 1215 1820 ο.

265 1874 445 1936 Pergin’
461 1907 475 1931 ,
500 1871 750 1931 mastigia?

759 1962 782 1996 S
818 1963 850 1995 O
887 1962 909 1996 S
946 1963 967 1995 1
1004 1963 1051 1995 A.

581 2053 665 2098 Abi
688 2050 746 2096 ad
759 2050 1069 2099 Acheruntem,
1094 2054 1288 2116 venefice.

604 2158 641 2192 A
676 2159 717 2192 M
755 2159 784 2192 P
821 2159 855 2191 H
890 2158 911 2190 1
949 2158 979 2190 Τ
1016 2159 1050 2192 R
1086 2158 1121 2191 U
1158 2159 1206 2192 O.

1140 2231 1259 2276 Men'
1273 2231 1501 2293 veneficum
1516 2231 1545 2276 ,ἓ

266 2309 442 2376 Vapula.

652 2390 677 2433 J
711 2391 747 2424 U
783 2391 813 2424 Ρ
850 2391 880 2424 Ρ
913 2390 935 2422 1
972 2390 1002 2422 'r
1038 2388 1068 2422 Ε
1103 2390 1152 2422 R.

367 2478 516 2554 Quae,
537 2477 699 2541 hospes,
719 2478 1016 2542 intemperiae,
1037 2486 1087 2520 ut
1102 2485 1148 2519 tu
1165 2489 1303 2519 meum
1315 2473 1537 2519 verberes?

1642 2391 1650 2462 i

1640 2471 1650 2546 ’ἕ
