1650 2826
139 187 268 222 mlo
398 168 688 218 ACTU'S
743 168 848 216 IV.'
904 166 1001 215 SC.
1038 168 1121 214 ΙῙζ
1322 184 1408 228 33¹

144 284 277 330 Heus
302 282 461 343 ecquis
479 282 556 328 hic
579 281 678 327 eet?
702 279 862 342 ecquis
887 279 981 324 hoc
1004 279 1152 341 aperit
1174 279 1383 324 ostium?

144 357 319 418 Ecquis
347 355 444 402 exit
458 355 482 401 Ξ)

492 458 879 507 SCENA
952 457 1049 503 ΙΙ.

230 590 828 629 JISTocLERUS,
868 587 1313 623 PARASITUS.

428 691 1129 728 PISTOCLERUS.

144 746 300 910 Qu
314 835 384 867 11)
417 818 572 865 istuc?
604 833 727 878 quae
757 810 894 862 istaec
921 826 987 861 est
1013 815 1255 876 pulsatio?

145 903 286 972 Quae
300 913 349 947 te
364 901 486 947 mala
503 894 620 945 crux
637 897 807 962 agitat?
825 897 886 942 ad
903 897 1056 942 istunc
1074 896 1159 956 qui
1176 896 1383 943 modum

143 982 315 1029 Alieno
346 980 463 1027 vites
492 989 593 1024 tuas
624 988 835 1023 extentes
863 977 982 1022 ostio
999 977 1021 1021 ,Ρ

146 1061 274 1106 Fotis
303 1076 453 1122 paene
478 1057 707 1122 effregisti.
748 1056 868 1118 quid
892 1072 1023 1102 nunc
1052 1056 1121 1102 vis
1154 1054 1281 1101 tibi?

496 1154 524 1185 P
563 1153 598 1185 A
632 1154 664 1185 R
696 1152 732 1185 A.
768 1153 790 1186 S
826 1153 848 1184 I
886 1153 915 1185 T
954 1152 987 1185 U
1027 1153 1065 1186 S

143 1211 454 1269 AdulescenS‚
477 1213 612 1258 salve.

429 1303 1130 1338 PISTOCLERUS.

415 1373 419 1376 ’
693 1370 841 1417 Salve.
875 1369 957 1415 sed
981 1386 1131 1430 quem
1154 1369 1378 1430 quaexitas
1392 1368 1414 1413 ?

502 1458 530 1490 P
568 1458 604 1491 A
638 1458 671 1490 R
705 1458 740 1491 A
776 1460 798 1492 s
834 1458 856 1490 1
892 1461 922 1491 T
959 1456 994 1488 U
1032 1457 1071 1490 s.

145 1500 439 1554 Bacchidem.

427 1592 1127 1627 PISTocLERUs.

416 1662 756 1726 Utramergo?

507 1750 536 1783 P
575 1748 611 1781 A
646 1750 678 1782 R
712 1749 748 1781 A
784 1750 806 1783 S
843 1750 865 1782 I
901 1751 932 1782 T
968 1750 1004 1782 U
1042 1751 1082 1784 S.

696 1816 829 1861 Nihil
853 1814 948 1862 scio
964 1851 978 1873 ‚
1002 1816 1090 1862 nisi
1116 1815 1412 1863 Bacchidem.

148 1887 310 1933 Paucis
332 1902 411 1932 me
429 1887 554 1933 misit
577 1890 710 1934 miles
733 1889 794 1934 ad
820 1907 923 1935 eam
946 1891 1282 1946 Cleomachus,

148 1960 240 2006 Vel
263 1970 320 2004 ut
342 1959 570 2006 ducentos
593 1962 835 2022 Philippos
861 1962 1027 2008 reddat
1055 1979 1218 2009 aureos
1235 1997 1250 2018 ,

148 2032 241 2079 Vel
259 2042 316 2077 ut
333 2031 444 2077 hinc
461 2032 512 2077 in
528 2032 726 2078 Elatiam
747 2035 891 2080 hodie
915 2045 988 2079 eat
1013 2050 1174 2079 secum
1194 2033 1348 2078 simul.

429 2124 1124 2160 PISTOCLERUS.

110 2251 113 2254 Α
149 2195 292 2241 Non
280 2206 330 2240 1t.
360 2205 531 2258 negato
550 2211 641 2240 esse
661 2195 844 2241 ituram.
872 2196 975 2254 abi,
1000 2207 1048 2242 et
1071 2197 1303 2244 renuntia.

150 2266 313 2314 Alium
339 2267 418 2312 ina
443 2278 593 2324 amat,
617 2284 718 2314 non
736 2268 887 2313 illum.
915 2268 1009 2315 duc
1030 2279 1078 2315 te
1103 2269 1164 2316 ab
1182 2269 1388 2353 aedibus·

498 2360 1063 2397 PARASITUS.

149 2415 552 2490 Nimisiracunde.
