1650 2826
92 200 137 232 v·
174 196 228 244 13
357 176 643 228 AcTUs
698 176 825 226 111.
880 175 986 226 sc.
1043 179 1122 227 11.
1273 192 1362 240 513

94 292 218 338 Nam
251 301 363 336 tuus
386 289 458 336 vir
478 304 557 334 me
584 283 758 343 oravit,
780 298 837 333 ut
861 304 966 334 eam
985 288 1104 334 istuc
1130 285 1192 333 ad
1213 296 1262 332 te
1288 287 1369 333 ad·-

338 364 505 427 Jutum
535 361 788 408 mitterem.

96 436 203 484 Vin’
234 433 435 484 vocem?

416 519 444 552 C
478 517 510 551 I.
544 517 575 551 E
612 518 644 551 O
682 516 704 550 S
743 517 775 551 T
808 518 843 552 R
876 517 913 551 A
948 518 979 551 T
1014 516 1063 551 A.

383 584 520 632 Sine:
548 586 665 632 nolo
682 620 696 643 ,
720 584 756 630 si
780 595 1007 646 occupata
1034 594 1114 630 est.

446 677 1015 713 ALCESIMUS.

1092 735 1371 785 Otiumest.

413 813 1064 850 cLBos'rRATA.

99 888 179 934 Nil
194 902 354 933 moror
367 919 382 943 ,
400 886 597 931 molesta
614 883 658 929 ei
676 899 769 929 esse
794 883 936 928 nolo:
960 880 1069 944 post
1086 899 1368 931 convenere.

442 985 541 1018 AL
579 984 672 1016 GE
709 983 788 1016 sl
825 983 939 1017 Mu
976 983 1015 1018 s.

100 1047 211 1100 Non
234 1053 404 1100 omatis
430 1050 530 1097 istic
557 1050 687 1112 apud
712 1067 796 1097 vos
826 1050 1047 1112 nuptias?

411 1143 636 1178 CLEO
674 1142 1054 1178 STRATA.

1005 1204 1365 1266 Ornoetparo.

452 1286 551 1320 AL
589 1287 680 1320 cE
716 1286 739 1321 s
775 1284 945 1321 IMU
981 1287 1019 1323 s.

102 1356 215 1404 Non
237 1372 347 1421 ergo
372 1370 473 1417 opu
494 1355 548 1399 'st
570 1354 829 1418 adjutrice?

419 1447 446 1478 C
480 1446 511 1478 L
547 1446 577 1478 E
616 1446 648 1479 Ο
688 1445 711 1478 S
748 1447 779 1479 T
816 1448 851 1480 R
882 1445 919 1479 A
954 1446 987 1479 Τ
1020 1447 1069 1480 Α.

651 1512 766 1559 Satis
792 1513 926 1560 dorni
956 1525 1036 1560 est.
1067 1485 1153 1559 ubi
1176 1512 1372 1576 nuptiae

106 1586 322 1645 Fuerint,
342 1597 449 1632 tum
475 1588 610 1634 istam
632 1586 915 1633 convenibo.
933 1601 1065 1633 nunc
1082 1587 1211 1645 vale,
1227 1598 1374 1649 atque

356 1659 491 1724 istam
513 1659 648 1723 jube.

454 1753 489 1785 A
523 1753 553 1784 L
591 1753 617 1784 C
653 1753 685 1786 E
722 1753 744 1786 S
779 1752 800 1785 1
835 1752 881 1784 M
914 1748 954 1784 U
987 1751 1024 1785 S.

111 1818 247 1889 Quid
283 1833 370 1885 ego
409 1833 540 1866 nunc
574 1820 737 1877 faciam
760 1820 783 1865 ?
828 1819 1062 1883 flagitium
1091 1834 1376 1868 maxumum

359 1891 447 1937 feci
475 1893 611 1938 miser
630 1927 645 1949 ,

113 1966 308 2025 Propter
341 1980 531 2025 operam
552 1964 676 2009 illius
703 1963 863 2022 hirqui
882 1963 1098 2024 inprobi,
1118 1965 1330 2012 edentuli
1345 1987 1365 2022 ‚-

114 2035 217 2104 Qui
238 2036 329 2080 hoc
356 2035 475 2079 mihi
497 2034 741 2081 contraxit.
767 2050 958 2094 operam
979 2034 1136 2079 uxoris
1152 2034 1378 2095 polliceor
1418 2081 1423 2084 ,

364 2108 511 2166 foras,

117 2183 264 2274 Quasi
299 2181 568 2227 catillatum.
606 2179 840 2244 flagitium
869 2180 1073 2226 hominis
1090 2213 1107 2238 ,
1127 2181 1230 2241 qui
1263 2181 1382 2229 dixit

366 2255 485 2300 mihi

117 2326 261 2373 Suam
281 2345 479 2373 uxorem
511 2328 633 2373 hanc
651 2327 963 2375 arcessituram
993 2343 1114 2375 esse·
1102 2362 1114 2374 .
1139 2342 1192 2373 ea
1214 2342 1261 2373 se
1280 2341 1383 2372 earn

370 2412 509 2465 negat
530 2399 762 2449 morarier.

189 2471 275 2517 Vol.
291 2474 330 2519 I.
401 2493 412 2501 f
1104 2474 1145 2521 K
1160 2475 1194 2521 k
