1650 2826
204 218 362 303 ς’
470 237 1232 289 ARGUMENTUM

202 354 424 415 tragicum
454 363 755 414 argumentum
789 353 833 397 in
862 351 1043 398 Scenam
1081 351 1307 399 Comicam.
1352 355 1492 418 Atque

202 440 270 475 est
286 427 453 492 fabula
470 427 559 472 illa
588 438 716 475 nota,
747 425 901 487 Jovem
933 426 1155 472 adamasse
1182 429 1492 478 Alcumenam.

201 517 312 567 quae
346 510 452 546 esset
485 511 620 564 nupta
649 515 745 544 cum
765 498 919 562 fratre
944 500 1145 562 patruele
1170 500 1493 565 Amphitruone.

202 574 311 622 Fuit
340 575 479 623 enim,
507 573 736 619 secundum
754 575 933 637 poe'tas,
962 570 1088 634 Jovis
1110 585 1152 619 et
1171 571 1354 631 Danaes
1362 576 1496 638 filius

204 647 414 696 Perseus,
441 660 483 693 et
506 664 602 692 cum
625 646 701 692 hoc
725 657 860 711 nupta
881 647 1180 695 Andromeda,
1210 646 1361 712 Cephei
1371 649 1494 712 filia.

203 721 452 785 Horamque
477 721 577 784 filii
612 720 822 767 Alcaeusg
859 719 1111 768 Sthenelus,
1159 719 1350 768 Mestor,
1395 718 1496 765 Ele-

203 807 378 859 ctryon,
400 806 441 839 et
453 793 563 857 filia
595 791 885 857 Gorgophone.
915 792 1067 837 Alcaei
1084 805 1228 838 autem
1238 795 1369 857 filius
1390 793 1497 838 Am·

198 868 410 934 phitruo;
445 878 487 911 et
517 865 784 929 Electryonis
813 865 1052 910 Alcumena
1085 882 1139 910 ex
1161 866 1269 929 filia
1300 866 1496 930 Pelopis,

204 959 335 1006 quam
357 941 504 1006 fuisse
524 943 649 1007 ajunt
675 940 935 1005 appellatam
955 939 1192 1003 Lysidicen.
1228 938 1334 985 Cum
1357 951 1500 985 autem

204 1016 494 1080 interfecisset
509 1012 801 1078 Electryonem
821 1014 944 1060 clava
964 1016 1007 1059 in
1030 1014 1167 1061 bovem
1185 1016 1317 1060 missa
1337 1016 1500 1078 impru-

206 1088 312 1135 dens
335 1089 619 1154 Amphitruo,
650 1088 832 1133 contulit
856 1104 900 1132 se
930 1104 1024 1132 cum
1048 1105 1181 1134 uxore
1215 1086 1407 1135 Thebas.
1426 1086 1502 1131 de-

203 1184 361 1231 sponsa
379 1167 545 1230 quidem
558 1166 639 1211 sibi
651 1182 668 1211 ‚·
687 1164 762 1209 sed
782 1165 853 1209 cui
862 1165 1127 1228 promisisset
1143 1165 1303 1211 iratus,
1323 1179 1366 1208 se
1375 1163 1502 1226 prius

207 1240 317 1289 velle
333 1240 486 1284 ulcisci
503 1237 671 1284 caedem
687 1237 891 1300 fratrum
916 1239 1070 1301 ipsius,
1089 1254 1216 1300 quam
1234 1237 1396 1300 nuptiis
1412 1237 1503 1301 ejus

199 1314 435 1380 potiretur.
480 1312 525 1358 Ii
545 1311 736 1375 fuerant
770 1327 798 1355 a
839 1308 883 1353 T
879 1309 1045 1373 aphiis,
1081 1312 1155 1372 qui
1187 1321 1230 1356 et
1268 1307 1502 1356 Teleboae,

210 1384 443 1430 interemti.
483 1382 699 1428 Adversus
731 1380 804 1425 hos
822 1379 1073 1444 profectus,
1105 1397 1190 1442 qua
1202 1390 1367 1428 macte,
1397 1378 1504 1424 bello

208 1455 431 1520 confecto,
463 1454 593 1500 rediit
605 1473 622 1501 ;
651 1471 701 1500 ea
720 1453 1003 1499 concubuerat
1024 1469 1120 1498 cum
1135 1453 1371 1498 Alcumena
1386 1450 1505 1516 Jup-

207 1534 356 1597 piter;
384 1530 434 1575 de
459 1547 538 1592 quo
567 1529 810 1576 Hercules;
837 1529 1059 1575 concubitu
1086 1540 1229 1574 autem
1252 1529 1339 1575 viri
1348 1562 1364 1575 ,
1381 1526 1507 1591 Iphi-

212 1605 300 1650 cles
325 1615 547 1667 conceptus
558 1601 672 1666 fuit.
702 1602 790 1647 Sed
806 1601 995 1647 Plautus
1014 1613 1199 1666 tempora
1221 1612 1263 1647 et
1283 1617 1372 1647 rem
1392 1606 1506 1646 com*

210 1678 412 1724 miscuit,
446 1687 488 1720 et
504 1674 679 1738 fabulis
703 1676 892 1721 involvit.
922 1675 1043 1721 Nam
1070 1675 1186 1740 apud
1206 1674 1318 1720 hunc
1346 1671 1504 1719 dei-imo

213 1763 355 1793 mense
371 1757 472 1810 post
487 1748 661 1809 nuptias
678 1749 911 1792 revertitur
927 1747 1207 1810 Amphitruo,
1226 1747 1380 1792 relicta
1392 1764 1506 1807 gra*

211 1819 316 1868 vida
346 1819 460 1863 domi
488 1834 632 1862 uxore.
672 1816 880 1881 Juppiter
906 1831 1049 1863 autem
1078 1819 1215 1864 tribus
1240 1819 1432 1864 noctibus
1460 1819 1507 1864 in

214 1909 348 1940 unam
379 1893 617 1953 congestis,
646 1908 730 1953 qua
758 1902 879 1936 nocte
911 1890 1160 1936 Thebanum
1184 1891 1323 1936 solum
1351 1893 1507 1953 attigit

216 1964 503 2030 Amphitruo,
541 1962 686 2008 eadem
717 1979 769 2008 ex
796 1963 1033 2009 Alcumena
1066 1963 1326 2027 voluptatem
1362 1964 1507 2028 capit,

216 2055 346 2103 quam
367 2047 683 2102 praegnantem
700 2034 885 2099 fecisset
912 2053 1051 2082 mense
1079 2048 1178 2082 ante
1206 2038 1406 2101 septimo.-
1438 2047 1510 2082 at·-

216 2128 297 2174 que
330 2127 381 2156 ea
415 2126 496 2155 uno
523 2120 676 2174 postea
706 2120 843 2173 partu
875 2120 917 2154 et
952 2109 1187 2155 humanum
1217 2121 1259 2155 et
1292 2108 1509 2170 Jovialem

206 2182 383 2247 foetum
414 2182 531 2227 enisa
553 2180 666 2244 fuit.
710 2180 835 2226 Haec
866 2192 1009 2227 autem
1030 2181 1195 2244 ‘habent
1221 2182 1404 2226 insertas
1431 2197 1510 2227 va·-

219 2259 312 2302 rias
345 2273 398 2301 ac
428 2255 685 2319 multiplices
720 2254 1033 2319 ludificationes
1066 2267 1107 2300 et
1121 2253 1436 2318 frustrationes
1467 2263 1510 2298 et

222 2343 410 2375 errores,
429 2328 577 2389 quibus
592 2345 692 2372 cum
708 2328 926 2388 singulari
938 2327 1187 2391 festivitate
1205 2325 1417 2370 dilatatur
1435 2342 1510 2370 ar·-

218 2411 486 2464 gumentum.
529 2399 589 2446 Et
616 2413 678 2446 est
699 2400 864 2464 fabula
890 2400 993 2444 haec
1020 2400 1215 2462 inprimis
1244 2396 1407 2461 referta
1424 2396 1545 2462 fan,v

225 2476 330 2525 cetis
352 2473 479 2522 dictis
512 2485 636 2537 atque
655 2475 783 2540 jocis.
826 2473 911 2522 Res
941 2475 1091 2534 agitur
1128 2471 1293 2520 Thebis.
