1650 2826
122 229 215 262 v.1
363 197 654 256 ACTUS
701 198 830 248 III.
880 195 983 244 SC.
1035 194 1135 242 IV.
1302 208 1393 269 425

482 326 532 372 S'
566 323 606 370 G
642 321 688 368 E
722 320 776 367 N
803 321 843 365 A
918 319 951 364 Ι
984 316 1030 363 V.

162 431 380 471 ΗΕσΙο,
438 427 788 467 TYNDARUS,
841 417 1362 459 ARISTOPHONTES.

598 555 915 591 REGIO.

132 627 331 792 Quo
363 688 503 734 illum
528 701 659 731 nunc
691 684 939 730 hominem
968 680 1249 743 proripuisse
1281 679 1400 724 foras

378 778 426 808 se
458 761 612 807 dicam
640 775 702 805 ex
721 758 916 804 aedibus
930 757 952 801 Ρ

510 849 1033 888 TYNDARUS.

129 934 273 981 Nunc
300 931 429 977 enirn
451 944 565 974 vero
596 943 685 991 ego
710 925 890 972 occidi.
919 937 1038 970 eunt
1067 925 1128 970 ad
1151 935 1201 970 te
1224 925 1405 980 hostes,

380 1002 618 1066 Tyndare.
646 1001 767 1062 quid
795 1000 1005 1060 loquar?

132 1079 272 1151 Quid
304 1076 586 1126 fabulabor?
627 1074 750 1135 quid
775 1073 988 1136 negabo
978 1072 1000 1105 Ρ
1027 1082 1111 1119 aut
1144 1071 1264 1132 quid
1290 1072 1407 1118 fate-

382 1153 496 1198 bor.
484 1152 507 1183 Ρ
536 1149 656 1195 mihi

48 1209 84 1241 θ
134 1225 227 1272 Res
243 1223 398 1270 omnis
416 1222 467 1266 in
486 1221 665 1266 incerto
686 1220 770 1264 sita
782 1219 850 1264 ’st.
873 1217 993 1278 quid
1012 1218 1152 1264 rebus
1169 1218 1409 1265 confidam

385 1293 502 1339 meis
519 1292 541 1337 ?

137 1371 332 1418 Utinam
356 1379 407 1414 te
436 1367 519 1413 Dii
545 1367 673 1427 prius
700 1364 982 1426 perderent,
1008 1380 1154 1425 quam
1182 1366 1358 1426 periisti
1386 1382 1412 1410 e

386 1450 536 1500 patna
567 1450 651 1484 tua
670 1473 684 1494 ,

136 1512 496 1574 Aristophontes
506 1545 520 1567 ,
538 1510 625 1571 qui
641 1526 701 1555 ex
713 1520 870 1571 parata
881 1526 931 1555 re
944 1509 1201 1571 inparatam
1216 1524 1413 1554 ornnem

388 1585 509 1632 facis.

141 1660 305 1706 Occisa
324 1670 393 1706 est
410 1659 525 1703 haec
547 1674 617 1703 res
630 1693 643 1715 ‚
665 1658 750 1703 nisi
768 1658 951 1719 reperio
973 1668 1181 1703 atrocem
1199 1657 1319 1702 mihi
1336 1656 1416 1702 ali-

393 1746 540 1790 quam
570 1730 800 1776 astutiam.

613 1814 648 1847 Η
683 1815 713 1847 Ε
749 1814 782 1846 G
817 1816 837 1847 1
872 1816 920 1848 ο.

145 1876 494 1942 δεςυεῐεζὴειη
509 1881 600 1927 tibi
612 1875 875 1926 ho'minem.
889 1881 984 1939 adi,
998 1893 1144 1942 atque
1160 1883 1415 1943 alloquere.

520 1972 551 2003 Τ
588 1973 622 2003 Y
658 1974 691 2004 Ν
728 1974 764 2004 D
798 1973 833 2004 A
868 1975 901 2005 R
938 1973 974 2004 U
1011 1973 1047 2006 s.

426 2040 547 2108 Quis
565 2040 715 2084 homo
732 2040 787 2084 ’st
806 2056 886 2085 me
906 2041 1164 2086 hominurn
1180 2042 1418 2087 miserior?

332 2136 1211 2189 .AR18‘1†0PHONTES.

74 2247 80 2250 ,
151 2207 288 2275 Quid
303 2207 422 2254 istuc
439 2220 530 2264 est,
548 2207 685 2268 quod
700 2223 831 2253 meos
851 2218 900 2253 te
920 2207 1074 2254 dicam
1089 2207 1286 2272 fugitare
1308 2225 1420 2256 ocu-

398 2283 468 2327 los
480 2317 494 2338 ‚
522 2282 779 2344 Tyndare?

151 2353 369 2416 Proque
357 2365 523 2420 1gnot0
542 2371 621 2400 me
633 2356 863 2418 aspernari
874 2391 888 2416 ‚
906 2357 1038 2420 quasi
1052 2374 1134 2408 me
1148 2374 1420 2420 numquam

405 2427 628 2477 noveris?

23 1521 57 1540 ,ἱ
