1650 2826
263 185 360 233 ‘180
654 179 1192 233 ASI‘NARIA.
1391 204 1599 252 ΜΗ»

575 303 1222 343 ΑΒΕΥΒῙΡΡΠΞ.

559 371 637 419 =Ut
664 383 882 443 tempore
909 385 1283 436 opportuneque
1305 376 1549 423 attulistis!

688 458 718 491 L
753 458 774 491 1
811 459 838 491 Β
874 459 908 491 Α
945 460 977 491 N
1018 459 1051 490 U
1089 459 1126 491 s.

261 525 360 574 Hic
401 525 595 571 inerunt
627 525 796 590 viginti
830 527 987 573 minae
1025 525 1207 584 bonae,
1239 527 1363 585 mala
1402 542 1546 589 opera

500 612 701 662 panae:

262 668 360 721 Has
375 669 464 722 tibi
491 691 578 722 nos
598 671 748 737 pactis⁴
760 673 1070 739 legibusdare
1080 721 1081 725 ,
1084 676 1232 739 jussit.

579 772 1227 806 ARGYn-IPPUS.

997 833 1135 902 Quid
1153 833 1206 878 id
1224 843 1318 891 est,
1337 836 1550 895 quaeso?

689 935 720 968 L
756 934 777 966 1
813 935 841 966 Β
878 934 912 968 Α
949 936 982 968 Ν
1021 934 1055 968 U
1093 936 1132 970 s.

265 1007 474 1055 Noctem
499 1006 641 1070 hujus
666 1016 712 1051 et
731 1022 930 1052 coenam
949 1006 1039 1052 sibi
1061 1018 1116 1052 ut
1135 1006 1276 1053 dares.

577 1105 613 1138 A
647 1106 681 1139 R
720 1105 751 1139 G
789 1106 822 1137 Y
859 1106 892 1139 Β
926 1105 947 1137 1
983 1105 1011 1137 P
1048 1105 1075 1137 P
1116 1104 1151 1136 U
1188 1103 1225 1137 S„

938 1176 1066 1235 Jube
1091 1176 1312 1222 advenire
1327 1210 1341 1234 ,
1362 1192 1549 1237 quaeso.

264 1248 585 1299 Meritissumo
611 1250 709 1314 ejus
735 1265 858 1310 quae
876 1250 1008 1295 volet
1030 1249 1252 1296 faciemus
1269 1283 1283 1307 ,
1304 1249 1390 1311 qui
1412 1250 1552 1321 hosce

523 1339 704 1368 amores

266 1397 461 1444 Nostros
485 1396 712 1458 dispulsos
743 1395 975 1457 conpulit.

686 1490 717 1525 I.
753 1493 784 1525 E
823 1490 855 1525 Ο
891 1494 926 1527 N
962 1488 984 1524 I
1020 1493 1055 1526 D
1089 1492 1139 1526 A.

1008 1568 1196 1619 Patier'is
1212 1604 1226 1628 ‚
1258 1567 1551 1635 Argyrippo,

266 1649 455 1694 Patrem
475 1647 602 1694 hanc
628 1646 884 1709 amplexari
906 1655 1055 1692 ‘tuum
1069 1647 1090 1690 ?

592 1746 629 1780 A
664 1748 696 1780 Β
734 1747 767 1780 G
802 1746 839 1778 Y
874 1747 908 1779 R
943 1745 965 1777 1
999 1744 1027 1775 P
1066 1743 1095 1775 Ρ
1132 1742 1167 1775 U
1205 1742 1242 1777 s.

851 1817 982 1862 Haec
1002 1812 1135 1860 facile
1161 1814 1298 1860 faciet
1317 1825 1371 1861 ut
1386 1815 1548 1876 patiar.

267 1892 482 1940 Leonida
501 1926 515 1950 ‚
550 1906 683 1937 curre
725 1890 945 1939 obsecro;
975 1900 1163 1951 patrem
1194 1889 1294 1935 ¹huc
1326 1899 1458 1935 orato
1493 1899 1550 1935 ut

521 1975 693 2013 Venla't.

691 2064 723 2097 L
758 2064 779 2096 1
814 2064 843 2097 Β
878 2063 913 2097 A
948 2064 984 2098 N
1020 2063 1056 2097 U
1094 2061 1131 2097 s.

262 2124 564 2199 jamdudum
581 2139 635 2185 ’st
662 2139 802 2185 intus.
1219 2204 1223 2209 .

595 2234 1279 2286 ARGYRLPPUS„¹

756 2312 859 2358 Hac
878 2311 1086 2372 quidem
1117 2327 1219 2359 non
1241 2309 1384 2359 venit.

691 2410 723 2443 L
759 2410 781 2443 1
818 2409 846 2443 Β
881 2408 916 2443 A
950 2410 984 2444 N
1021 2410 1054 2443 U
1091 2407 1128 2442 s.
1204 2418 1210 2422 =

1280 2455 1544 2522 Angiporto
