1650 2826
278 212 369 256 530
536 230 539 233 .
712 188 1114 237 CASINA.
1426 192 1553 237 ν.ιὸ

682 292 1175 344 οιΥΜΡιο.’

479 386 617 458 Quid
645 386 765 433 mihi
791 402 923 433 servo
953 403 1072 448 opus
1094 397 1161 433 est
1182 397 1282 433 tam
1300 401 1513 448 nequam
1530 387 1552 432 ?

698 483 722 516 s
755 482 786 514 ‘r
823 482 858 514 A
895 483 925 515 L
960 483 980 514 1
1017 483 1050 516 N
1088 482 1136 515 o.

273 555 410 627 Quid
434 553 598 601 nunc?
628 569 776 614 quam
799 568 918 598 mox
943 568 1115 598 recreas
1139 553 1252 599 me?

680 645 712 681 0
748 647 779 679 L
819 646 851 679 Y
888 645 930 678 M
967 644 995 679 P
1032 645 1052 678 1
1091 646 1140 679 O.

903 713 1064 759 Coena
1085 713 1234 761 modo
1264 715 1300 761 si
1323 714 1381 761 si't
1405 725 1548 761 cocta.

700 804 722 840 s
759 806 790 839 T
827 806 862 840 A
897 807 928 840 L
963 807 983 840 1
1018 808 1053 840 N
1087 809 1134 842 o.

273 881 407 927 Intro
430 894 540 942 ergo
565 876 748 922 abeant.

692 966 724 999 O
762 967 791 999 L
827 966 862 1000 Y
899 966 940 1001 M
979 968 1007 1002 P
1044 966 1065 1001 1
1099 966 1147 1003 O.

436 1037 640 1097 Propere
654 1069 667 1092 ,
690 1035 784 1081 cito
801 1035 1018 1092 introite,
1040 1048 1087 1082 et
1111 1037 1205 1085 cito
1225 1038 1545 1102 deproperate.

694 1128 716 1161 s
756 1128 788 1161 Τ
824 1128 858 1161 A
892 1129 922 1162 L
961 1130 980 1161 1
1016 1131 1048 1162 N
1085 1131 1132 1164 o.

271 1201 373 1265 Ego
383 1201 482 1262 Jam
499 1198 625 1242 intus
641 1210 734 1242 ero.
750 1195 887 1242 facite
902 1213 1099 1244 coenam
1113 1200 1249 1258 mihi,
1266 1213 1324 1248 ut
1340 1204 1466 1250 ebria
1480 1205 1550 1252 sit.

271 1273 481 1318 Coenare
505 1269 663 1330 lepide
692 1268 941 1330 nitideque
966 1272 1093 1318 volo.
1121 1272 1241 1319 nihil
1266 1288 1426 1322 moror
1447 1275 1554 1322 bar-

524 1340 683 1386 barico
711 1341 807 1387 ritu

272 1415 392 1462 Sane
425 1432 518 1461 esse
541 1416 655 1478 jam.
687 1414 725 1471 i,
756 1414 839 1461 sis:
871 1430 959 1481 ego
990 1417 1067 1464 hic·
1099 1416 1262 1466 habito
1291 1436 1423 1467 nunc
1443 1425 1551 1484 qui-

533 1487 656 1532 dem.
682 1487 903 1550 gladium

269 1560 453 1607 Ancilla
481 1560 695 1606 Casinam
726 1560 853 1607 intus
881 1563 1052 1610 habere
1072 1565 1161 1624 ait,
1197 1567 1283 1628 qui
1305 1568 1383 1614 me
1402 1579 1546 1630 atque

524 1643 571 1678 te
597 1641 779 1677 mwtet.

703 1735 1161 1769 OLYMPIO.

274 1802 394 1849 Scio.
423 1803 485 1848 sic
509 1804 606 1849 sine
635 1804 820 1850 habere.
851 1817 997 1868 nugas
1014 1817 1174 1869 agunt.
1203 1808 1319 1855 novi
1344 1824 1431 1874 ego
1453 1809 1549 1857 illas

524 1878 664 1922 malas
691 1893 878 1922 merces.

269 1949 406 2020 Quin
435 1960 490 1995 tu
513 1950 530 1994 i
558 1951 707 1996 modo
735 1967 930 1997 mecum
957 1951 1173 1999 domum.

694 2052 717 2086 S
754 2052 785 2085 T
822 2053 854 2086 A
891 2053 922 2086 L
959 2054 978 2086 Ι
1014 2055 1047 2088 Ν
1085 2054 1133 2087 O.

642 2119 645 2122 ’
663 2121 726 2167 At
743 2123 827 2183 pol
846 2122 1025 2166 malum
1049 2131 1229 2167 metuo.
1249 2121 1266 2166 i
1288 2131 1345 2168 tu
1367 2122 1513 2169 modo
1528 2158 1542 2181 ,

270 2194 524 2256 Perspicito
547 2195 675 2257 prius
689 2227 703 2252 ‚
724 2194 844 2255 quid
863 2194 993 2239 intus
1008 2205 1181 2257 agatur.

682 2296 714 2328 o
753 2296 782 2327 L
820 2295 853 2327 Y
890 2295 932 2327 M
971 2296 996 2328 P
1035 2296 1055 2327 1
1093 2297 1139 2328 o.

723 2363 847 2409 Tam
871 2362 989 2408 mihi
1011 2378 1118 2408 mea
1139 2362 1260 2419 vita,
1289 2377 1436 2422 quam
1462 2372 1554 2415 tua,

270 2428 382 2474 Tibi
413 2445 513 2480 cata
542 2442 622 2477 est.
