1650 2826
244 250 338 295 474
534 235 1191 284 PROLOGUS
1388 230 1618 303 ης»

239 346 473 409 Propterea
503 362 552 391 ea
579 362 665 391 una
696 349 905 392 consentit
930 364 1024 393 cum
1037 349 1159 411 filio.

240 421 323 467 Ille
346 432 492 472 autem.
504 433 731 484 postquam
756 423 889 467 sensit
898 423 1052 485 fllium
1074 438 1199 467 suum

240 492 444 538 Eamdem
469 494 590 539 illam
619 511 790 543 amare,
813 505 854 539 et
882 512 967 539 esse
990 495 1269 559 inpedimento
1293 496 1403 544 sibi,

240 565 360 611 Hinc
384 567 690 613 adulescentem
716 582 896 650 peregre
928 568 1143 629 ablegavit
1164 579 1307 630 pater.

239 638 388 684 Sciens
411 643 502 707 ejus
530 652 669 685 mater
693 642 731 685 ei
755 639 831 684 dat
856 655 1045 722 operam,
1072 639 1236 683 absenti
1264 649 1418 684 tamen

239 711 312 759 Is,
337 729 389 758 ne
423 715 700 778 exspectetis,
725 702 845 758 hodie
873 714 917 757 in
951 712 1030 757 hac
1065 710 1285 758 Comoedia

239 784 293 829 In
329 785 471 831 urbem
501 803 583 832 non
615 786 794 831 redibit:
819 785 1007 830 Plautus
1029 785 1200 831 noluit:

239 855 419 903 Pontem
453 859 710 922 interrupit,
737 859 811 920 qui
837 869 931 902 erat
956 859 995 901 ei
1018 858 1062 902 in
1093 858 1257 902 itinere.

239 929 353 974 Sunt
381 929 477 978 lzic,
503 948 604 993 quos
633 930 754 977 credo
783 946 896 974 nunc
919 931 1031 974 inter
1054 945 1097 973 se
1124 928 1291 973 dicere:

239 1002 442 1076 Quaeso,
473 1004 634 1051 hercle,
669 1002 774 1065 quid
798 1005 908 1048 istuc
931 1006 1034 1048 est?
1060 1002 1230 1048 serviles
1247 1002 1460 1064 nuptiae?

239 1076 415 1121 Servine
442 1092 617 1121 uxorem
647 1075 828 1123 ducent,
857 1088 935 1121 aut
955 1088 1129 1139 poscent
1156 1075 1277 1119 sibi?

238 1148 405 1195 Novom
437 1149 706 1196 attulerunt,
733 1147 844 1211 quod
853 1151 920 1211 fit
949 1164 1158 1210 nusquam
1176 1147 1387 1208 gentium.

239 1223 302 1266 At
331 1239 406 1284 ego
437 1226 506 1291 ajo
539 1224 614 1269 lzoc
632 1224 744 1287 fieri
771 1224 814 1279 in
846 1221 1032 1268 Graecia
1063 1233 1105 1266 et
1135 1219 1420 1282 Carthagini·

238 1296 300 1343 Et
322 1298 402 1343 hic*
422 1300 465 1344 in
492 1310 642 1345 nostra
674 1310 820 1346 terra,
850 1299 895 1343 in
928 1297 1105 1379 Apulia.

238 1369 485 1435 Majoreque
508 1386 635 1434 opera
661 1370 720 1415 ibi
747 1370 919 1416 serviles
950 1371 1153 1433 nuptiae,

237 1438 386 1524 Quam
413 1441 607 1486 liberales
636 1443 767 1487 etiam
794 1442 942 1486 curari
962 1441 1111 1486 solent.

236 1513 295 1558 Id
321 1531 367 1560 nz
361 1515 474 1578 ⁶,fit
500 1532 663 1561 mecum
686 1517 874 1581 pignus,
897 1516 936 1560 si
959 1516 1053 1578 quis
1081 1513 1197 1562 volt,
1231 1486 1333 1559 dato

238 1587 292 1632 In
329 1605 483 1633 urnam
515 1590 670 1638 mulsi,
705 1589 873 1635 Poenus
903 1588 1003 1634 dum
1026 1586 1167 1654 judex
1193 1587 1301 1634 siet.

245 1659 321 1706 Vel
355 1660 548 1707 Graecus
579 1662 709 1711 adeo,
737 1662 807 1709 vel
836 1677 931 1706 mea
963 1675 1116 1705 caussa
1142 1657 1340 1722 Apulus:

237 1731 365 1850 {uid
385 1737 537 1781 nunc?
570 1734 683 1781 nihil
706 1736 863 1796 agitis,
894 1734 1059 1778 sentio:
1094 1745 1213 1776 nemo
1244 1731 1355 1775 sitit.

281 1818 444 1852 evortor
478 1807 538 1853 ad
565 1807 686 1852 illam
713 1806 906 1870 puellam
932 1803 1251 1868 exposititiam,

236 1876 385 1996 {uam
419 1881 531 1926 servi
560 1895 727 1926 summa
754 1880 800 1924 vi
821 1877 903 1922 sibi
927 1892 1103 1922 uxorem
1129 1884 1347 1939 expetunt.

281 1970 306 1996 a
333 1943 570 2000 invenietur
600 1964 642 1998 et
662 1952 823 2016 pudica
851 1962 893 1996 et
919 1950 1079 1996 libera,

236 2026 436 2086 Ingenua
469 2026 769 2073 Atheniensis.-
804 2040 933 2086 neque
962 2021 1190 2085 quidquam
1218 2020 1358 2083 stupri

237 2097 388 2146 Faciet
403 2098 597 2163 profecto
623 2102 667 2145 in
691 2099 771 2145 hac
792 2097 958 2161 quidem
989 2093 1224 2139 Comoedia.

238 2171 344 2216 Mox
379 2172 519 2217 hercle
543 2189 641 2219 vero
656 2184 782 2236 post,
807 2180 1030 2216 transacta
1057 2163 1256 2213 Fabula,

237 2243 478 2303 Argentum
509 2247 549 2290 si
575 2247 669 2308 quis
697 2244 883 2291 dederit,
911 2253 960 2286 ut
982 2256 1056 2301 ego
1086 2239 1303 2301 suspicor,

244 2314 365 2360 Ultro
395 2317 473 2361 ibit
502 2330 711 2382 nuptum,
739 2333 822 2363 non
850 2314 1037 2359 manebit
1067 2310 1266 2372 auspices.

245 2386 433 2432 Tantum
450 2400 524 2432 est.
562 2390 730 2444 valete,
757 2389 853 2433 bene
874 2402 961 2431 rem
979 2384 1139 2444 gerite
1168 2390 1209 2422 et
1229 2376 1385 2423 vincite

244 2459 408 2505 Virtute
440 2476 569 2508 vera,
602 2461 713 2521 quod
717 2422 905 2524 ’fecistis
942 2453 1160 2501 antidlzac.
