1650 2826
496 191 1116 245 EDITI‘ONES.
1299 199 1454 239 xx111

183 298 309 370 15'54
370 306 639 356 Hormiae,
669 304 711 350 8.
737 303 803 350 Μ.
827 303 951 349 Accii
974 301 1129 347 Plauti
1147 303 1302 366 poetae
1333 304 1451 347 mm·-

368 372 560 437 quissimi
577 370 823 417 Comoediac
836 384 976 414 omnes
998 383 1105 430 quae
1135 383 1248 412 nunc
1282 379 1450 412 extant.

365 436 610 483 Florentiae
614 451 695 500 per
706 433 904 480 haeredes
919 430 1236 491 BernaidiJun
1242 443 1321 475 tae.
1337 431 1449 476 Edi-

367 500 436 547 tio
452 517 559 546 rara.
576 500 866 546 Memoratur
878 498 931 543 in
948 496 1173 560 Catalogo
1191 494 1310 543 Bibl.
1325 496 1447 542 Petr.

367 564 479 611 Ant.
502 565 772 611 Crevennae
785 598 799 620 ‚
816 579 863 625 p.
893 561 996 608 166.

174 655 337 676 --—-
366 630 597 692 Lugduni,
634 631 705 675 18.
728 646 802 690 ap.
826 627 931 674 Seb.
952 625 1237 688 Gryphium.

176 708 202 741 1
210 711 236 754 5
242 696 300 754 58
368 693 568 740 Basileae
579 730 595 743 ,
619 694 662 739 8.
680 694 871 739 Plautus
889 708 951 738 ex
973 690 1162 738 emend.
1176 690 1340 748 Joach.
1358 689 1445 736 Ca-

363 762 559 807 merarii‚
579 770 627 805 et
644 775 755 805 cum
773 756 1041 821 fragmentis
1057 755 1280 817 notisque
1296 756 1447 803 Geor-

366 825 429 887 gii
445 823 647 870 Fabricii.

179 889 303 948 1566
363 889 574 938 Parisiis,
600 887 721 935 Rob.
736 887 970 952 Stephani.
991 886 1032 931 8.
1050 895 1251 931 testante
1270 882 1431 928 Pareo.

174 974 338 1003 ῑ--
366 955 663 1018 Antwerpiae.
696 954 767 998 18.
795 953 859 998 M.
876 952 1000 997 Accii
1021 951 1177 996 Plauti
1202 947 1449 994 Comoediae

363 1020 546 1080 viginti,
570 1018 670 1063 olim
686 1016 954 1078 aJoaclzinw
980 1015 1226 1062 Camerario
1255 1012 1450 1058 emenda-
1529 1051 1532 1054 ,

367 1095 465 1129 tae:
496 1099 608 1128 nunc
638 1099 737 1130 vero
756 1083 859 1146 plus
880 1097 1007 1144 quam
1033 1079 1111 1126 CC
1131 1078 1345 1126 versibus,
1375 1076 1448 1138 qui

360 1150 524 1213 passim
546 1147 922 1194 desiderabantur,
955 1162 1008 1191 ex
1034 1145 1118 1192 W.
1142 1143 1229 1189 CC.
1258 1141 1447 1188 additis.

367 1229 446 1257 suo
460 1212 755 1274 quodammodo
772 1212 905 1257 nitori
916 1212 1168 1256 restitutae:
1189 1224 1314 1272 opera
1328 1218 1370 1251 et
1386 1205 1451 1250 di-

367 1276 550 1337 ligentia
574 1276 648 1334 Jo.
669 1275 918 1331 Sambuci‚
952 1274 1244 1320 Timaviensis
1273 1270 1450 1316 Panno-

365 1343 441 1386 nii.
476 1341 650 1403 Aliquot
671 1340 859 1386 eruditae
892 1340 943 1385 C.
969 1339 1132 1401 Langii
1147 1373 1161 1395 ,
1183 1337 1301 1383 Adr.
1318 1335 1448 1380 Tur-

369 1405 509 1460 nebi,
538 1405 683 1450 Hadr.
705 1404 839 1462 junii
860 1417 904 1449 et
928 1405 1109 1449 aliorum
1141 1403 1358 1448 doctorum
1382 1401 1451 1443 vi·-

370 1485 540 1516 rorum,
551 1471 718 1532 partim
736 1471 929 1529 margini
945 1469 1209 1531 adscriptae,
1220 1466 1385 1529 partim
1403 1465 1450 1506 in

372 1533 531 1576 calcem
545 1549 590 1576 re
601 1535 726 1577 'ectaz
741 1533 1060 1577 observationes.
1078 1531 1363 1592 Antwerpiae,
1394 1543 1448 1570 ex

369 1596 539 1654 officina
592 1597 846 1640 [antiniana.
866 1610 888 1641 2
903 1596 1014 1640 voll.
1027 1595 1262 1640 Praestans
1280 1591 1449 1645 editio,

370 1660 448 1704 cui
467 1670 514 1704 et
532 1659 606 1716 Jo.
622 1657 883 1704 Sambucus
908 1659 1104 1720 epistola
1115 1658 1333 1703 Plautino
1358 1671 1448 1701 suo

366 1722 584 1783 inscripta
601 1757 616 1779 ,
649 1734 699 1768 et
727 1720 827 1783 ipse
854 1722 1097 1768 Plautinus
1126 1722 1190 1767 ad
1218 1723 1448 1767 lectorem

368 1787 563 1848 praefati
598 1798 721 1832 sunt.
760 1787 846 1832 Ille
883 1787 1083 1847 quidem
1114 1788 1267 1832 literas
1301 1784 1449 1831 Vien-

366 1867 454 1896 nae
473 1852 598 1897 datas
619 1866 674 1894 10
692 1851 788 1896 Kal.
804 1851 931 1912 Sept.
947 1853 1155 1896 humane
1180 1862 1228 1895 et
1249 1862 1358 1910 post
1375 1851 1448 1894 lu-

366 1927 498 1961 ctum
513 1911 828 1962 domesticum
846 1918 908 1961 sic
922 1916 1122 1961 orditur:
1141 1916 1289 1962 Mitto,
1308 1931 1449 1977 quem-

368 1980 591 2040 admodum
615 1996 698 2025 non
727 1992 775 2024 tu
803 1981 964 2028 solum,
988 1980 1064 2025 sed
1080 1981 1210 2025 multi
1226 1981 1305 2024 alii
1328 1997 1356 2023 a
1382 1995 1449 2024 me

361 2046 606 2108 petierunt,
626 2044 931 2089 observationes
948 2044 1153 2106 quasdam
1170 2057 1212 2088 et
1227 2046 1374 2089 varias
1401 2044 1447 2088 in

369 2108 575 2152 Plautum
590 2108 640 2153 de
654 2108 947 2171 chirographis
961 2110 1259 2153 vetustissimis
1270 2119 1311 2152 et
1319 2124 1450 2171 prae<
1512 2106 1534 2144 ’-

367 2174 488 2236 cipue
511 2188 599 2216 meo
628 2172 705 2216 illo
718 2207 734 2220 ,
772 2189 851 2236 quo
883 2171 1097 2232 Jovianus
1127 2172 1351 2217 Pantanus
1386 2183 1449 2217 est

371 2253 501 2284 usus,
528 2236 726 2282 collectas
745 2239 1006 2300 scripturas,
1033 2237 1215 2299 adeoque
1233 2239 1362 2281 etiam
1380 2237 1450 2281 ul·-

369 2312 441 2346 tra
458 2317 597 2346 omnes
615 2301 796 2346 aliorum
814 2301 1036 2350 editiones,
1055 2302 1115 2347 ad
1129 2314 1335 2346 trecentos
1343 2317 1450 2365 pae-

321 2404 324 2405 ⁷
368 2382 422 2411 ne
450 2381 594 2411 versus
630 2365 910 2413 desideratos,
943 2382 1042 2430 quos
1055 2383 1151 2411 „meo
1167 2400 1182 2423 ,
1213 2378 1255 2411 et
1275 2367 1448 2430 publico

342 2482 353 2488 ρ
366 2430 532 2476 meliori
531 2429 638 2495 fato
658 2433 806 2496 reperi.
829 2429 963 2506 Quae!
974 2432 1020 2477 in
1042 2432 1311 2491 marginibus
1330 2430 1450 2500 adje-

1121 2496 1222 2554 b4
