1650 2826
211 193 301 239 372
516 172 1162 224 BAGCHIDES
1377 192 1505 226 v.1o

217 286 290 334 Ita
327 283 464 332 miles
495 289 730 328 memorat
764 281 1061 328 meretricem
1097 297 1221 340 esse,
1251 297 1399 344 quam
1424 284 1504 331 ille

468 372 672 402 uxorem
700 370 792 400 esse
826 355 991 418 ajebat.

211 431 518 492 Omniaque,
547 439 604 475 ut
633 427 877 489 quidquid
902 440 1062 475 actum
1086 441 1179 487 est,
1207 433 1503 479 memoravit.

475 519 579 548 eam
606 501 692 547 sibi
717 502 847 547 hunc
880 517 1062 549 annum
1087 502 1391 550 conductam.

212 579 478 640 Reliquum
504 574 557 620 id
580 573 678 637 auri
706 572 887 618 factum
903 607 916 630 ,
940 574 1077 634 quod
1107 590 1193 638 ego
1226 575 1268 619 ei
1294 575 1504 621 stultissi-

481 664 589 695 mus
616 645 767 697 homo
790 647 1118 707 promisissem.
1484 652 1507 661 “

210 726 351 781 Hoc,
372 724 465 769 hoc
493 732 590 777 est,
619 719 756 781 quod
781 720 1060 800 peracescit,
1088 721 1181 767 hoc
1201 731 1269 766 est
1296 720 1496 766 demum

471 793 610 856 quod
632 791 901 854 percrucior
915 826 929 848 ,

216 851 296 917 Me
320 870 416 916 hoc
442 866 602 914 aetatis
630 864 887 911 ludificari:
909 866 1060 912 immo
1093 864 1266 927 edepol
1284 866 1345 911 sic
1363 865 1501 911 ludos

482 941 662 987 factum

222 1017 354 1063 Cano
383 1013 565 1075 capite,
589 1022 736 1071 atque
757 1011 861 1056 alba
884 1010 1054 1056 barba!
1075 1011 1300 1057 miserum
1324 1028 1403 1056 me
1421 1028 1503 1058 au-

474 1101 527 1130 ro
556 1100 648 1129 esse
683 1084 997 1129 emunctum!

215 1159 365 1208 Perii!
395 1158 487 1203 hoc
518 1171 704 1201 servom
735 1171 903 1200 meum
934 1170 1035 1199 non
1064 1156 1205 1201 nauci
1233 1118 1385 1203 facere
1409 1174 1501 1204 esse

471 1244 670 1274 ausum.
661 1227 844 1286 'atque
863 1242 977 1290 ego,
999 1226 1034 1271 si
1061 1225 1174 1272 alibi
1466 1229 1488 1249 ⁶

215 1307 326 1352 Plus
357 1300 678 1366 perdiderim,
708 1299 869 1344 minus
899 1315 1032 1363 aegre
1066 1299 1296 1357 habeam,
1324 1299 1504 1346 minus-

472 1389 568 1435 que
602 1371 655 1418 id
684 1372 806 1418 mihi
839 1371 1014 1417 damno
1045 1371 1230 1418 ducam.

529 1468 557 1500 P
595 1466 627 1507 Η
667 1466 687 1498 1
723 1466 753 1498 L
791 1467 822 1499 o
862 1467 898 1500 x
932 1467 962 1499 E
999 1468 1032 1500 N
1071 1466 1106 1499 U
1143 1466 1180 1500 s.

221 1531 364 1577 Certo
389 1527 466 1574 hic
484 1543 638 1589 prope
660 1543 740 1573 me
762 1527 882 1573 mihi
903 1527 1062 1573 nescio
1087 1527 1193 1589 quis
1217 1527 1356 1588 loqui
1378 1528 1500 1576 visus

482 1613 548 1648 est
567 1621 576 1647 z
607 1602 689 1647 sed
711 1618 860 1663 quem
884 1602 1026 1649 video
1044 1602 1066 1648 ?

218 1679 310 1726 Hic
340 1675 542 1739 quidem
570 1687 703 1737 pater
733 1675 1029 1722 Mnesilochi.

572 1771 605 1803 N
644 1772 663 1803 1
700 1771 726 1802 c
764 1772 795 1804 ο
833 1771 861 1803 Β
898 1771 934 1804 U
969 1770 999 1803 L
1036 1770 1071 1804 U
1109 1769 1147 1803 s.
1347 1804 1349 1809 ,

365 1831 498 1895 Euge
516 1865 529 1888 ,
557 1829 741 1876 socium
764 1847 1014 1878 aerumnae
1034 1842 1082 1876 et
1099 1830 1197 1877 mei
1212 1831 1323 1878 mali
1341 1831 1494 1880 video.

215 1905 501 1962 Philoxene,
534 1905 670 1949 salve.

540 1997 567 2030 P
605 1997 639 2030 H
674 1997 694 2030 I
730 1997 759 2030 L
797 1997 829 2030 Ο
866 1996 966 2030 XE
1003 1998 1036 2031 N
1076 1996 1185 2033 US.

413 2067 475 2114 Et
497 2077 565 2113 tu.
590 2066 722 2112 unde
745 2065 874 2129 agis?

558 2163 592 2194 N
631 2161 650 2193 Ι
685 2163 711 2194 C
750 2162 782 2194 Ο
819 2162 846 2194 Β
884 2161 919 2194 U
942 2162 984 2197 C·
1022 2161 1057 2194 U
1088 2161 1131 2196 vS.

518 2221 659 2268 Unde
677 2222 827 2268 homo
846 2222 983 2268 miser
999 2233 1145 2282 atque
1161 2219 1489 2267 infortunatus.

523 2315 551 2346 P
589 2314 622 2346 H
659 2315 677 2346 1
712 2315 742 2346 L
780 2315 811 2347 ο
850 2315 887 2348 x
921 2315 950 2347 Ε
987 2315 1020 2347 Ν
1058 2314 1093 2346 U
1129 2314 1170 2346 s.

212 2371 276 2421 At
298 2373 384 2434 pol
409 2388 496 2436 ego
521 2373 587 2418 ibi
609 2391 715 2419 sum
730 2409 742 2430 ,
763 2391 857 2419 esse
884 2374 969 2420 ubi
990 2375 1211 2419 miserum
1239 2373 1487 2420 hominem

466 2444 603 2491 decet
636 2457 782 2509 atque
814 2446 1178 2495 infortunatum.
