1650 2826
0 1899 13 1961 '.‘’⁷’·
0 1699 13 1878 saw-:vnvz-
0 1628 11 1657 *vn
0 1563 1 1567 Α
0 1519 10 1551 Δρ
2 1500 7 1508 .
0 1464 9 1489 :m
0 1438 14 1456 χ

0 2249 15 2266 Q
0 2142 10 2192 <no—‚s
0 2034 10 2130 ,πμ-ω,
0 1968 14 2019 «ἵν.

131 203 227 250 v-9
418 181 709 231 ACTUS
757 182 817 230 V.
867 180 970 229 SC.
1018 184 1096 229 ΙΙ.
1308 200 1399 247 541

133 290 289 339 Senex
309 289 390 336 abs
416 300 466 335 te
490 287 776 335 decumbem
803 286 829 316 *
855 286 882 315 *
906 287 932 315 *
961 287 1163 333 conloco
1183 321 1198 346 ‚
1227 287 1402 348 fulcio,

380 361 569 416 mollio,

133 435 199 482 Ut
225 435 352 496 prior
383 449 530 494 quam
556 448 699 478 senex
726 449 833 494 nup
860 434 885 461 *
917 435 943 461 *

71 546 76 548 ,
131 504 312 554 Tardus
342 522 434 552 oese
458 506 583 552 illico
606 506 767 567 coepi,
794 505 1023 566 quoniam
1058 507 1084 535 *
1115 508 1141 534 *
1169 507 1195 535 *

129 581 359 642 Respecto
385 580 671 636 identidem,
701 596 762 625 ne
791 596 936 625 senex
953 582 978 608 *
1001 581 1027 608 *
1052 582 1078 609 *
1105 583 1131 610 *

129 653 419 698 Inlecebram
455 651 602 712 stupri
628 651 860 712 principio
890 668 991 696 eam
1017 653 1195 698 savium
1216 669 1374 714 posco.

130 725 326 787 Repulit
348 725 467 770 mihi
495 741 691 770 manum
708 759 722 780 ‚
746 740 834 770 nec
859 724 1080 785 quietum
1102 725 1210 771 dare
1233 726 1320 772 sibi
1340 743 1408 773 sa-

379 799 514 845 vium
550 816 627 844 me
658 798 779 844 sinit.

138 871 280 918 Enim
301 871 399 935 jam
426 871 570 933 magis
593 871 694 933 jam
721 887 1011 932 appropero:
1041 872 1184 936 magis
1204 873 1304 936 jam
1329 874 1407 920 lu-

388 943 471 988 bet
501 943 551 987 in
578 942 789 988 Casinam
821 943 1019 989 inruere.

140 1016 296 1078 Cupio
318 1016 447 1061 illam
467 1032 658 1076 operam
678 1016 776 1061 seni
801 1017 1054 1077 surripere:
1073 1016 1225 1068 forem
1243 1017 1374 1065 obdo
1386 1053 1402 1077 ,

391 1104 453 1133 ne
482 1103 625 1133 senex
651 1105 729 1132 me
755 1089 1004 1148 opprimat.

524 1193 1044 1227 MURRHINA.

134 1274 360 1340 Agedum·
384 1286 441 1322 tu
472 1275 551 1322 adi
580 1275 722 1320 hunc.

435 1385 1083 1420 eLEosTRATA.

470 1469 730 1526 =Obsecro,
757 1468 843 1513 ubi
866 1479 948 1514 tua
977 1485 1103 1516 nova
1131 1482 1281 1532 nupta
1305 1476 1406 1522 est?

539 1568 572 1600 O
610 1567 641 1599 L
678 1567 712 1601 Y
748 1567 791 1599 M
825 1567 853 1599 P
892 1567 914 1600 1
952 1568 1001 1601 Ο.

136 1643 255 1689 Perii
276 1643 432 1690 hercle
463 1645 578 1707 ego!
602 1643 845 1690 manifesta
866 1661 935 1690 res
963 1656 1042 1690 est.

440 1747 467 1779 C
503 1747 534 1780 L
568 1747 598 1780 E
635 1748 667 1781 Ο
706 1747 729 1781 S
769 1748 800 1781 T
834 1749 868 1783 R
902 1749 938 1782 A
973 1748 1005 1781 T
1040 1750 1089 1782 A.

886 1825 1101 1871 Omnem
1122 1827 1286 1874 ordine
1304 1845 1406 1875 rem

137 1895 287 1940 Fateri
314 1911 424 1959 ergo
453 1914 660 1958 aequom
676 1898 744 1943 ’st.
776 1899 897 1958 quid
925 1900 1050 1946 intus
1075 1903 1255 1965 agitur?
1284 1905 1403 1965 quid

386 1969 479 2031 agit
639 2030 645 2038 Ι

138 2037 333 2084 Casina?
355 2040 483 2085 satin'
501 2042 729 2105 morigera
759 2045 859 2090 est?

546 2149 577 2182 ο
612 2150 643 2182 L
682 2151 715 2183 Y
751 2151 794 2183 M
828 2152 856 2184 P
897 2153 917 2185 1
954 2153 1000 2185 o.

873 2226 1029 2272 Pudet
1058 2225 1209 2273 dicere
1239 2241 1318 2272 me
1345 2224 1372 2267 ’ἲ

458 2331 1099 2367 CLEOSTRATA.

140 2412 350 2460 Memora
377 2415 573 2475 ordine,
603 2427 658 2462 ut
685 2432 936 2479 occeperas.
