1650 2826
271 222 367 268 434
609 200 1217 251 CAPTEIVEI.
1413 219 1551 266 v.94

734 323 771 357 Η
806 324 839 357 Ε
875 324 905 357 G
943 323 965 355 1
1005 322 1057 356 ο.

269 376 410 448 Quid
438 388 493 424 tu
519 377 581 424 ais
599 378 622 423 ἓ

407 506 410 508 ,
646 464 677 498 Τ
713 464 748 498 Y
780 464 813 497 N
850 465 886 498 D
922 464 956 497 A
991 465 1024 498 R
1061 463 1096 496 U
1132 463 1172 498 s.

400 532 483 598 Me
496 543 639 580 tuum
658 549 751 579 esse
765 549 952 580 servom
964 569 977 591 ‚
994 544 1042 579 et
1058 544 1107 579 te
1123 548 1290 579 meum
1310 532 1496 578 herum.

757 626 793 659 Β
827 627 857 660 E
895 626 927 660 G
961 627 983 659 1
1022 627 1072 660 o.

1108 678 1257 727 Haud
1275 680 1397 726 istuc
1417 694 1550 744 rogo.

268 744 463 791 Fuistin'
491 739 639 790 liber?

644 830 676 863 τ
713 829 749 862 Y
782 829 818 863 N
851 830 888 862 n
923 829 958 863 A
994 832 1029 865 n
1065 829 1102 863 U
1139 828 1180 863 s,

630 889 733 936 Fui.

489 968 1387 1022 ΑΒῙΒΤΟΡΗΟΝΤΕὲ.1

719 1040 977 1087 Enimvero
1003 1054 1107 1084 non
1134 1037 1248 1085 fuit:
1279 1056 1426 1105 nugas
1448 1043 1556 1106 agit.

652 1132 683 1165 Τ
719 1132 752 1164 Y
791 1132 824 1164 N
861 1130 896 1162 D
932 1129 967 1162 A
1002 1131 1036 1163 R
1071 1130 1107 1163 U
1142 1130 1183 1164 S.

278 1202 385 1273 Qui
416 1213 473 1249 tu
506 1202 627 1248 scis?
672 1217 733 1247 an
772 1211 831 1246 tu
868 1198 1056 1245 fortasse
1087 1199 1217 1249 fuisti
1252 1214 1387 1247 meae
1419 1202 1559 1248 matti

529 1276 785 1333 obstetrix,

276 1351 381 1422 Qui
400 1351 452 1397 id
478 1361 578 1397 tam
595 1350 817 1397 audacter
839 1350 995 1398 dicere
1015 1350 1194 1399 audes?

502 1443 1348 1480 ARISTOPHONTES.

997 1512 1210 1559 Puerum
1229 1523 1279 1559 te
1301 1511 1402 1559 vidi
1421 1529 1557 1574 puer.

628 1604 682 1638 ’Τ
715 1604 752 1637 Y
787 1605 822 1638 N
858 1605 894 1638 D
930 1604 964 1638 A
1001 1605 1033 1638 R
1071 1604 1106 1638 U
1143 1604 1181 1638 S.

274 1665 342 1715 At
380 1682 467 1732 ego
505 1677 554 1713 te
586 1666 729 1712 video
764 1667 916 1731 major
950 1667 1194 1731 majorema
1228 1666 1343 1712 hem
1374 1681 1560 1711 rursum

529 1740 648 1786 tibi!

275 1814 437 1861 Meam
464 1830 565 1860 rem
596 1830 698 1860 non
722 1829 852 1860 cures
868 1847 883 1870 ,
912 1813 949 1858 si
971 1824 1098 1859 recte
1123 1812 1271 1860 facias.
1309 1827 1432 1858 num
1470 1827 1558 1875 ego

529 1900 644 1930 curo
679 1884 854 1934 tuam?

752 1972 787 2004 Η
823 1973 853 2004 Ε
892 1970 924 2004 G
962 1972 982 2004 1
1019 1972 1067 2004 o.

274 2026 452 2081 Fuitne
473 2031 586 2078 huic
610 2043 744 2094 pater
765 2029 1556 2095 Thesaurochrysonicochrysides?

490 2125 1336 2164 ARISTOPHONTES.

272 2185 388 2232 Non
404 2185 522 2237 fuit.
560 2202 722 2247 neque
747 2202 834 2250 ego
863 2185 982 2232 istuc
1011 2202 1193 2232 nomen
1216 2199 1448 2245 umquam
1471 2200 1556 2229 au-

527 2259 627 2305 divi
651 2269 759 2304 ante
791 2258 921 2304 hunc
953 2257 1095 2303 diem.

246 2324 257 2347 ‘⁷
270 2330 524 2379 Philocrati
550 2329 975 2379 Theodoromedes
1005 2329 1097 2376 fuit
1126 2338 1270 2391 pater.

653 2417 687 2452 Τ
722 2418 756 2450 Y
792 2419 827 2452 N
862 2419 899 2455 D
934 2417 970 2450 A
1004 2418 1038 2452 R
1073 2414 1109 2448 U
1145 2412 1183 2448 S.

1218 2465 1364 2512 Pereo
1386 2465 1552 2528 probe.
