1650 2826
1341 8 1353 28 t

107 215 231 260 v.44
401 187 693 240 ACTUS
748 186 829 232 II.
883 182 989 230 SC.
1045 183 1081 227 I.
1291 182 1379 239 567

111 306 250 374 Quae
280 299 467 347 dudum
496 297 611 342 flens
635 294 747 340 hinc
772 292 886 338 abiit
912 288 972 335 ad
999 299 1198 334 matrem
1222 302 1378 331 suam:

109 378 173 424 Et
196 377 273 421 illa
298 374 428 419 hunc
449 381 610 417 contra
624 403 638 425 ,
660 367 744 427 qui
765 376 831 411 est
854 379 985 409 amor
1004 361 1327 407 suavissumus.

112 449 179 496 Ut
205 458 315 493 sunt
341 448 574 499 humana,
594 440 712 487 nihil
735 450 800 484 est
828 447 1113 500 perpetuom
1137 433 1318 487 datum.

112 523 249 568 Pater
269 517 554 567 adulescenti
580 516 687 562 dare
711 514 814 560 volt
841 526 1054 558 uxorem.
1086 509 1178 553 hoc
1198 506 1284 551 ubi
1336 550 1343 559 ,

110 595 262 641 Mater
289 591 470 638 rescivit
484 624 497 646 ‚
512 589 647 652 jussit
664 586 820 633 arcessi
838 584 896 630 ad
914 600 960 629 se
980 599 1083 628 eam
1100 580 1318 625 domum.

108 667 241 715 Haec
258 683 326 712 res
347 665 407 710 sic
436 677 559 727 gesta
585 673 663 706 est.
697 660 822 705 bene
844 659 997 704 valete
1014 691 1027 712 ‚
1051 666 1099 700 et
1126 654 1301 700 vincite

108 742 299 789 Virtute
323 755 430 784 vera
446 771 459 794 ,
493 735 628 797 quod
652 734 818 789 fecistis
842 730 1074 777 antidhac.
1250 716 1257 723 ’

110 815 300 862 Servate
327 821 507 858 vostros
530 809 706 864 socios,
724 818 900 852 veteres
922 814 969 865 et
991 818 1160 848 novos:

111 886 297 950 Augete
325 883 495 930 auxilia
522 881 685 928 vostris
704 878 839 943 justis
866 875 1070 940 legibus,

111 959 297 1006 Perdite
324 956 587 1020 perduelles
602 989 615 1011 ‚
643 953 790 1015 parite
814 950 1005 996 laudem
1032 959 1079 993 et
1101 948 1338 1000 lauream,

110 1033 177 1079 Ut
203 1031 338 1079 vobis
363 1030 476 1077 victi
502 1028 651 1074 Poeni
679 1041 854 1087 poenas
883 1021 1117 1068 sufferant

388 1194 892 1257 ACTUS
988 1191 1088 1250 ll.

487 1331 984 1381 SCENAI.

155 1488 850 1533 ALCESIMARCHUS,
903 1452 1361 1520 MELAENtsj

327 1611 1167 1653 ALCESIMARCHUS.

116 1705 353 1819 CREDO
393 1785 480 1833 ego
515 1783 723 1814 amorem
756 1766 969 1827 primum
1003 1762 1134 1825 apud
1166 1761 1381 1808 homines

369 1842 681 1888 carnificinam
707 1848 1032 1885 conmentum.

114 1915 252 1961 Hanc
287 1930 374 1978 ego
410 1914 470 1959 de
505 1931 583 1960 me
614 1915 934 1977 conjectuxam
967 1910 1098 1956 domi
1130 1908 1248 1953 facio
1268 1941 1283 1963 ,
1316 1922 1376 1950 ne

365 1986 475 2032 foris
499 2003 719 2046 quaeram
738 2020 753 2043 ,

117 2057 221 2126 Qui
249 2057 648 2106 omnishomines
679 2074 848 2118 supero
880 2066 1023 2116 atque
1055 2053 1247 2100 antideo
1278 2068 1382 2098 cru-

367 2130 693 2177 ciabilitatibus
714 2131 871 2176 animi.
939 2123 942 2125 ‚

104 2203 295 2277 jactor,
321 2204 530 2260 cruci01,
550 2204 721 2267 agitor,
740 2204 984 2260 stimulor,
1006 2217 1160 2249 versor
1177 2201 1228 2246 in
1251 2217 1382 2245 amo-

366 2274 423 2319 1is
452 2286 554 2321 rota
579 2276 728 2320 miser.

118 2335 404 2402 Exanimot‚
438 2345 593 2402 feror,
629 2345 844 2402 differor,
881 2344 1134 2403 distrahor,
1168 2343 1383 2404 (11ῐὶρὶοῐ

370 2418 434 2464 ita
462 2380 676 2465 nubilam
706 2429 919 2464 mentem
960 2447 966 2451 -

356 2490 376 2506 ’”
978 2490 1026 2536 Ν
1043 2506 1078 2535 n
1110 2507 1137 2549 4
