1650 2826
258 162 353 207 320
580 141 1248 212 BACCHIDES.x
1394 162 1534 210 v.49

573 265 603 299 P
639 265 673 298 H
708 265 729 298 1
762 264 792 298 L
831 265 862 298 0
899 266 936 299 X
970 266 1000 298 E
1036 267 1069 298 N
1107 266 1142 299 U
1179 264 1217 299 S.

263 343 387 414 Quis
409 341 504 389 illic
530 350 597 386 est
613 340 635 385 Ξ)

736 426 766 460 L
803 426 835 458 Y
871 426 906 458 D
943 425 978 457 U
1015 426 1053 459 s.

487 485 830 543 Mnesilochu5‚
851 486 977 550 gnati
996 486 1066 531 tui
1085 486 1248 532 sodalis
1277 487 1540 535 Pistocleri:

263 562 411 611 Haud
439 559 701 607 consimili'
691 559 882 623 ingenio
905 569 1049 619 atque
1074 558 1151 604 ille
1181 570 1247 604 est
1263 595 1276 617 ‚
1298 561 1383 621 qui
1400 561 1450 606 in
1469 563 1541 608 lu-

243 691 247 697 *
519 633 680 695 panari
710 632 920 678 accubat.

262 712 581 758 Fortunatum
597 705 916 761 Nicobulum,
932 704 1015 765 qui
1033 704 1170 750 illum
1186 704 1415 766 produxit
1432 705 1539 752 sibi!

574 808 601 841 P
641 808 674 839 H
711 807 730 838 1
766 806 795 838 L
834 806 864 838 o
902 807 937 839 x
972 807 1001 839 E
1038 808 1071 840 N
1110 806 1144 838 U
1182 806 1219 839 s.

266 879 427 929 Salvos
441 877 514 934 sis,
527 873 840 921 Mnesiloche:
856 874 1033 919 salvom
1047 883 1095 919 te
1109 872 1329 919 advenire
1343 874 1542 940 gaudeo.

547 975 1260 1017 MNESILOCHUS.

260 1049 346 1097 Dii
364 1059 411 1094 te
437 1056 597 1093 ament
611 1079 624 1103 ,
643 1044 918 1090 Philoxene.

744 1140 773 1172 L
810 1140 844 1171 Y
881 1134 916 1173 i)
953 1140 987 1171 U
1024 1140 1061 1173 s.

689 1211 780 1257 Hic
806 1213 934 1257 enim
956 1214 1043 1259 rite
1066 1214 1334 1275 productu’
1338 1227 1378 1263 st
1395 1219 1543 1278 patri:

267 1288 327 1334 In
354 1301 482 1333 mare
509 1285 572 1341 it,
600 1299 702 1329 rem
734 1277 1009 1331 familiarem
1040 1297 1201 1344 curat,
1230 1288 1436 1335 custodit
1460 1290 1548 1336 do-

523 1375 688 1404 mum:

271 1434 554 1494 Obsequens
578 1430 904 1491 obediensque
930 1442 996 1477 est
1022 1432 1145 1478 mori
1171 1444 1316 1495 atque
1341 1435 1548 1497 imperiis

523 1514 664 1564 patris
680 1537 693 1560 ‚

269 1579 362 1624 Hic
389 1577 554 1624 sodalis
583 1577 835 1622 Pistoclero
863 1577 963 1640 jam
990 1595 1110 1639 puer
1139 1595 1288 1639 puero
1311 1579 1415 1627 fuit.

269 1652 512 1698 Triduum
540 1667 640 1696 non
665 1651 855 1696 interest
883 1652 1038 1696 aetatis
1066 1663 1171 1697 uter
1201 1654 1349 1717 major
1369 1654 1481 1699 siet:
1522 1659 1534 1672 ⁸

270 1724 454 1772 Verum
483 1724 727 1788 ingenium
762 1724 868 1785 plus
898 1725 1086 1788 triginta
1115 1727 1246 1771 annis
1273 1728 1422 1791 majus
1452 1739 1547 1787 est,

531 1813 677 1858 quam
708 1797 851 1842 alteri.

584 1867 1230 1930 PfiILOXENUS.

272 1966 396 2016 Cave
414 1969 594 2014 malum
608 2002 621 2025 ‚
643 1978 690 2013 et
707 1983 936 2029 conpesce
954 1968 1004 2012 in
1026 1969 1163 2014 illum
1182 1969 1334 2016 dicere
1361 1971 1544 2035 injuste.

747 2061 786 2093 19
815 2060 848 2092 Y
884 2062 918 2093 D
961 2060 990 2092 U
1028 2060 1064 2093 s.

1395 2115 1569 2161 Tace:·

273 2182 454 2231 Stultus
489 2201 559 2241 es,
593 2185 678 2245 qui
708 2185 775 2230 illi
807 2186 930 2230 male
958 2201 1090 2248 aegre
1117 2196 1274 2246 patere
1307 2186 1427 2242 dici,
1462 2189 1546 2247 qui

526 2258 649 2303 facit.

275 2327 398 2373 Nam
412 2329 547 2374 illum
568 2347 731 2375 meum
746 2333 926 2378 malum
943 2344 1178 2394 promtare
1195 2331 1355 2378 malim
1367 2366 1379 2390 ‚
1401 2348 1547 2393 quam

526 2402 782 2459 peculium.
