1650 2826
114 181 205 214 Ἅι
296 120 301 124 ¹
406 157 692 209 ACTUS
741 157 840 204 IV.
891 156 994 203 SC.
1044 157 1103 204 V.
1300 174 1392 219 347

502 288 540 334 S
587 285 627 332 C
663 285 709 332 E
749 285 803 331 N
838 286 878 330 A
967 284 1014 331 V.

444 385 1036 445 'CHRYSALUQ

117 466 216 576 IN
229 541 251 575 s
264 540 442 575 ANUM
463 544 694 592 magnum
727 527 900 573 molior
929 527 1180 591 negotium
1198 560 1213 585 ‚

118 603 386 664 Metuoque
412 613 466 648 ut
490 601 634 648 hodie
657 602 858 663 possiem
887 601 1132 646 emolirier.

118 673 212 721 Sed
235 690 366 720 nunc
390 674 662 720 truculento
688 674 808 719 mihi
828 684 974 733 atque
995 688 1260 718 saevousus
1283 688 1392 718 sene

368 757 450 792 est·

116 817 239 863 Nam
265 832 366 863 non
395 816 622 862 conducit
649 816 760 862 huic
784 818 1118 880 sycophantiae

117 888 290 935 Senem
315 889 628 950 tranquillum
660 906 752 935 esse
770 924 783 946 ,
817 889 904 935 ubi
932 905 1011 935 me
1033 890 1274 952 aspexerit.

66 998 70 1001 Δ
115 960 328 1028 Yorsabo
358 978 447 1026 ego
472 961 610 1007 illum
638 962 783 1008 hodie
798 997 812 1019 ‚
837 963 872 1007 si
899 963 1011 1025 vivo
1027 997 1041 1019 ‚
1065 963 1229 1023 probe.

114 1031 238 1079 Tam
262 1032 460 1079 'frictum
500 1049 586 1096 ego
615 1033 754 1079 illum
780 1030 1004 1091 reddam,
1031 1051 1177 1095 quam
1200 1034 1391 1080 frictum

362 1106 416 1150 ’st
438 1106 570 1150 cicer.

114 1175 449 1223 Adambulabo
476 1177 537 1222 ad
568 1179 740 1224 ostium
757 1215 771 1237 ,
795 1192 852 1226 ut
881 1181 1077 1241 quando
1111 1192 1245 1226 exeat
1262 1216 1276 1238 ‚

114 1249 372 1311 Extemplo
391 1251 663 1297 advenienti
682 1253 725 1297 ei
745 1253 934 1299 tabellas
954 1254 1067 1300 dem
1082 1255 1132 1299 in
1153 1271 1366 1301 manum.

466 1380 846 1428 SCENA
931 1383 1034 1428 VI.

227 1504 752 1543 NICOBULUS.
804 1507 1283 1543 CHRYSALUS.

468 1613 1035 1650 NICOBULUS.

115 1665 379 1777 NIMIO
410 1729 542 1776 illaec
570 1747 640 1776 res
674 1743 740 1777 est
773 1750 970 1798 magnae
1002 1735 1205 1782 dividiae
1229 1735 1380 1794 mihi,
1455 1765 1459 1767 -

116 1802 455 1866 Subterfugisse
481 1804 544 1850 sic
570 1806 688 1850 mihi
714 1807 858 1852 hodie
890 1808 1180 1871 Chrysalum.

458 1899 485 1931 C
519 1898 553 1930 H
588 1899 621 1932 R
658 1900 691 1932 Y
729 1901 751 1934 S
788 1902 821 1934 A
857 1903 887 1935 L
926 1902 960 1934 U
997 1903 1035 1936 S.

118 1959 276 2007 Salvos
303 1980 407 2009 sum
422 1999 435 2020 ,
454 1965 594 2012 iratus
621 1979 687 2013 est
710 1985 865 2015 senex.
894 1987 1024 2017 nunc
1049 1983 1115 2016 est
1140 1973 1261 2017 mihi

115 2033 339 2081 Adeundi
365 2036 424 2081 ad
446 2037 691 2084 hominem
712 2033 914 2102 teinpus.

441 2133 474 2165 N
508 2134 529 2165 1
566 2135 592 2166 c
634 2135 664 2167 ο
703 2136 731 2167 Β
767 2136 802 2168 U
837 2138 867 2169 L
904 2138 940 2170 U
976 2139 1014 2172 s.

816 2199 936 2268 Quis
962 2201 1178 2261 loquitur
1198 2218 1349 2264 prope
1363 2202 1385 2247 Ρ

116 2262 278 2326 'Atque
295 2267 371 2312 hic
391 2267 587 2328 quidem
603 2303 616 2325 ‚
643 2270 812 2330 opinor
824 2305 837 2328 ,
860 2271 1085 2334 Chrysalu
1103 2274 1170 2319 ’st.

157 2354 161 2359 ⁴
464 2360 491 2391 C
527 2361 560 2392 H
596 2362 630 2396 R
667 2363 701 2395 Y
737 2363 759 2396 S
796 2364 830 2396 A
866 2365 896 2396 L
932 2364 967 2396 U
1002 2365 1040 2399 S.

1126 2418 1382 2467 Accessero.
