1650 2826
235 224 299 260 10
488 199 700 255 PROL.
735 204 817 255 IN
846 206 1212 260 AMPHITR.
1322 184 1490 279 v.136

229 319 470 368 Memorat
484 348 499 374 ,
522 315 731 381 legiones
752 316 963 364 hostium
985 329 1041 365 ut
1062 318 1322 384 fugaverit:

227 392 349 462 Quo
370 400 511 454 pacto
533 389 591 436 sit
614 389 751 435 donis
775 388 978 437 donatus
999 392 1228 453 plurimis.

227 465 298 513 Ea
317 464 468 521 dona,
493 479 617 525 quae
641 463 736 509 illic
757 461 1102 526 Amphitruoni
1125 476 1236 512 sunt
1258 465 1365 514 data
1383 488 1402 526 ‚⁴

229 538 527 587 Abstulimus
547 556 557 582 z
583 536 718 584 facile
737 554 871 584 meus
893 549 1025 600 pater
1049 539 1187 600 quod
1205 541 1307 586 volt
1330 541 1453 588 facit.

228 614 374 661 Nunc
396 611 542 659 hodie
559 609 851 675 Amphitruo
873 613 1034 660 veniet
1055 613 1151 660 huc
1174 613 1235 659 ab
1257 617 1464 661 exercitu
1481 637 1500 673 ,-

228 688 292 735 Et
314 687 443 734 Sosia
464 702 644 745 servos,
669 688 845 750 quojus
868 704 956 752 ego
980 688 1102 734 hanc
1130 687 1230 734 fero
1247 689 1518 755 imaginem.

229 762 375 808 Nunc
401 760 659 806 internosse
681 770 738 805 ut
759 775 846 804 nos
867 760 1047 820 possitis
1066 759 1267 819 facilius,

229 831 334 897 Ego
358 833 438 878 has
459 831 650 877 habebo
674 830 751 876 hic
776 846 929 891 usque
951 830 1001 875 in
1023 840 1185 892 petaso
1205 831 1453 893 pinnulas;

231 904 367 951 Tum
393 920 503 949 meo
525 903 647 965 patri
670 913 831 949 autem
853 903 1036 949 torulus
1058 903 1197 949 inerit
1219 921 1385 951 aureus

230 976 337 1024 Sub
359 988 521 1039 petaso
542 996 551 1021 ε
576 975 627 1021 id
649 976 840 1039 signum
862 973 1207 1037 Amphitruoni
1228 993 1331 1024 non
1354 978 1453 1025 erit.

234 1051 304 1098 Ea
325 1050 454 1115 signa
476 1066 623 1095 nemo
646 1049 822 1094 horum
845 1048 1145 1097 familiarium

231 1123 408 1171 Videre
429 1122 605 1185 poterit
625 1140 635 1167 ε
659 1138 829 1168 verum
851 1139 935 1169 vos
956 1123 1190 1171 videbitis.

232 1196 329 1244 Sed
349 1195 715 1258 Amphitruonis
741 1196 836 1241 illic
866 1203 932 1242 'est
954 1213 1107 1244 servos
1129 1197 1284 1255 Sosia,-

233 1270 278 1317 A
298 1281 444 1332 portu
467 1269 562 1315 illic
585 1285 717 1315 nunc
743 1286 856 1316 curn
885 1271 1062 1316 laterna
1089 1271 1297 1317 advenit.

233 1342 438 1407 Abigam
454 1343 557 1406 jam
581 1357 669 1405 ego
699 1342 838 1388 illurn
869 1342 1206 1389 advenientem
1228 1342 1289 1388 ab
1311 1341 1521 1389 aedibus.

237 1416 385 1463 Adest
407 1436 417 1462 ι
446 1417 564 1463 ferit.
589 1418 776 1479 Operae
798 1416 1009 1479 pretium
1030 1417 1107 1463 hic
1128 1416 1450 1478 spectantibus
1554 1416 1555 1419 ’

230 1490 406 1552 Jovem
428 1502 574 1555 atque
595 1490 889 1540 Mercurium
909 1489 1059 1538 facere
1081 1489 1387 1539 histrioniam.
